1908 3126
802 146 852 188 27

86 254 184 296 tivis
221 252 533 303 locucionibus‚
574 252 738 293 docens
777 251 1052 292 extrinsecus
1087 251 1340 293 literatenus
1378 252 1569 305 philoso-

85 324 258 378 phicam
278 322 524 363 doctrinam
549 321 840 375 pertinentem
859 321 914 361 ad
936 321 1182 362 dominium
1203 322 1493 370 dominorum,
1513 323 1568 362 ad

83 393 314 438 sanitatem
334 390 528 444 corporis
546 390 904 441 conservandam,
919 396 961 430 et
977 390 1032 430 acl
1049 389 1313 430 ineffabilem
1334 391 1568 433 utilitatem

85 468 127 503 et
173 462 480 516 cognicionem
533 473 767 513 corporum
821 459 1178 513 supracelestium
1235 460 1569 513 adquirendam.

48 550 65 581 5
86 531 349 572 Intrinsecus
375 543 481 571 vero
515 528 840 570 medullatenus
874 529 1014 569 innuit
1044 529 1307 582 enigmatice
1332 537 1375 570 et
1406 536 1572 570 secrete

86 594 345 642 Alexandro
368 598 609 654 principale
631 598 921 652 propositum,
943 598 1063 651 quod
1086 598 1140 637 ab
1166 599 1322 639 eodem
1347 599 1572 640 instantis-

0 670 7 727 i
83 671 191 712 sime
222 669 532 723 postulaverat.
591 667 808 708 Dividens
840 668 990 721 utique
1022 674 1269 720 presentem
1299 669 1497 709 codicem
1527 669 1569 709 in

83 739 363 782 distinciones
386 739 476 779 sive
499 737 632 778 libros
658 743 860 790 quatuor,
884 750 1069 789 quorum
1094 736 1280 789 quilibet
1309 738 1504 779 continet
1528 738 1570 777 in

83 822 128 850 se
169 797 360 862 capitula
403 814 445 849 et
489 806 725 862 particulas
768 806 1040 853 terminatas,
1081 811 1128 845 ut
1166 819 1270 846 vero
1314 807 1396 847 sub
1441 806 1570 847 certis

29 899 69 924 10
83 877 284 932 capitulis
321 877 389 918 vel
426 876 566 919 titulis
602 877 645 918 in
680 883 890 930 promptu
925 882 968 916 et
1004 875 1135 916 cicius
1172 875 1417 916 inveniatur
1448 877 1569 929 quod

83 947 290 1002 queritur,
328 961 412 1001 ego
460 947 515 987 ad
559 945 796 987 utilitatem
844 945 1085 998 legencium
1129 944 1171 984 in
1216 944 1312 986 libri
1355 945 1570 999 principio

84 1016 238 1071 collegi
273 1025 316 1058 et
355 1016 563 1070 descripsi
602 1015 810 1056 librorum
848 1014 1063 1069 principia
1104 1022 1147 1055 et
1186 1015 1334 1055 omnia
1377 1015 1570 1067 capitula

82 1086 324 1127 titulorum.

0 1200 9 1216 Ἄ
142 1155 300 1197 Vestre
316 1156 447 1210 igitur
461 1154 709 1202 clemencie,
727 1160 852 1208 pater
867 1153 1224 1204 clementissime,
1240 1153 1355 1194 istud
1372 1153 1568 1194 devoveo

0 1221 10 1292 ij
31 1240 68 1275 ¹5
84 1238 208 1279 opus,
228 1226 348 1279 quod
371 1226 426 1266 ad
451 1229 641 1265 vestram
665 1223 865 1264 transtuli
888 1223 1074 1276 gloriam
1099 1229 1143 1264 et
1166 1222 1458 1275 honorem‚ut
1482 1222 1568 1263 mei

86 1295 294 1336 memoria
322 1294 325 1348 l
355 1295 475 1348 apud
502 1307 580 1335 vos
603 1293 728 1334 firma
748 1301 937 1342 maneat,
955 1299 998 1334 et
1016 1299 1228 1346 appareat
1252 1306 1355 1345 erga
1373 1298 1568 1333 vestrum

9 1404 11 1428 ‹
85 1365 345 1418 obsequium
389 1364 574 1406 devocio
618 1363 776 1404 mentis
820 1376 928 1411 mee,
967 1362 1220 1416 supplicans
1261 1361 1485 1402 humiliter
1526 1367 1569 1402 et

10 1463 11 1489 i
85 1433 256 1483 devote,
280 1441 499 1488 quatenus
531 1433 566 1474 si
600 1432 704 1486 quid
736 1432 778 1472 in
809 1431 893 1473 hoc
921 1445 1055 1485 opere
1089 1431 1194 1472 utile
1227 1431 1468 1484 reperiatur
1499 1429 1568 1471 vel

10 1551 11 1554 Ἴ
85 1510 330 1558 acceptum,
371 1504 465 1558 ejus
502 1503 621 1544 dono
659 1502 868 1544 referatur
901 1502 975 1555 qui
1015 1501 1117 1541 mihi
1155 1501 1342 1541 contulit
1376 1500 1569 1554 graciam

10 1590 70 1616 ’.πο
85 1575 387 1624 transferendi,
410 1581 455 1617 et
476 1572 699 1614 Aristotili
730 1571 1037 1626 componendi,
1061 1571 1095 1612 si
1124 1571 1229 1624 quid
1257 1577 1403 1611 autem
1428 1569 1571 1610 minus

86 1650 201 1686 recte
238 1644 486 1685 inveniatur
521 1643 591 1684 vel
626 1642 981 1684 inconvenienter
1019 1640 1309 1695 propositum,
1348 1639 1430 1679 hoc
1476 1652 1573 1679 mee

87 1712 308 1768 impericie
328 1721 370 1754 et
389 1713 623 1756 stoliditati
643 1718 871 1766 reputetur
888 1711 1040 1764 pocius
1058 1724 1190 1764 quam
1216 1709 1397 1750 malicie.
1439 1708 1572 1749 Atta-

87 1797 188 1825 men
219 1791 365 1825 vestra
403 1783 620 1833 facundia,
653 1796 786 1836 quam
825 1781 927 1822 novi
964 1780 1205 1822 certissime
1243 1779 1284 1819 in
1323 1778 1572 1819 diceionum

85 1851 451 1907 interpretacione
481 1860 523 1894 et
556 1852 766 1906 loquendi
793 1851 1063 1906 proprietate
1092 1849 1279 1890 fideliter
1301 1855 1343 1889 et
1373 1847 1573 1889 fertiliter

30 1938 69 1971 ²5
86 1922 358 1975 habundare,
393 1922 609 1977 suplenda
644 1922 816 1976 supleat
851 1927 894 1962 et
936 1920 1127 1973 corrigat
1164 1918 1435 1973 corrigenda.
1512 1917 1572 1959 Et

13 2019 15 2036 .
87 1993 234 2034 divina
265 1991 469 2047 potencia
492 2006 571 2033 vos
598 1991 672 2033 diu
703 1990 924 2032 custodiat
954 2002 1110 2030 sanum
1145 1995 1188 2030 et
1222 1987 1487 2028 incolumem
1515 1987 1571 2027 ad

14 2055 15 2060 ¹
87 2061 283 2104 fidelium
311 2062 497 2117 gloriam
525 2069 568 2103 et
597 2061 827 2111 honorem,
850 2067 893 2101 et
921 2065 1021 2113 post
1046 2057 1299 2110 longissima
1320 2063 1571 2110 temporum

87 2132 235 2186 spacia
273 2132 487 2174 concedat
524 2130 651 2172 vobis
688 2131 745 2171 ad
788 2136 986 2170 eternum
1031 2127 1318 2169 beatitudinis
1359 2125 1571 2180 gaudium

88 2200 271 2243 feliciter
293 2202 530 2255 pervenire.

0 827 1 852 l

0 903 8 987 l

0 1013 9 1058 Γ

131 2306 152 2336 8
176 2305 337 2346 quatuor]
357 2305 475 2336 decem
497 2302 637 2345 Vulgate
653 2305 720 2334 text
795 2312 833 2340 14
858 2299 1064 2340 clemencie]
1083 2298 1268 2339 prudencie
1291 2296 1320 2327 V
1400 2294 1570 2335 devoveo]

89 2359 131 2390 de
148 2368 237 2390 novo
257 2357 328 2389 MS.
467 2367 510 2388 20
534 2355 724 2396 Aristotili]
743 2353 958 2385 Aristotilem
978 2353 1051 2384 MS.

1592 1299 1630 1329 28
1650 1309 1680 1331 a.
