1908 3126
27 475 188 503 Distribute
202 484 274 509 your

26 509 140 538 favours
152 519 258 544 among

26 553 100 578 your
112 544 220 572 nobles.

28 970 149 998 Abstain
163 971 233 998 from

27 1005 213 1032 immoderate

28 1039 123 1067 mirth.

30 1203 56 1229 A
68 1202 138 1236 king
151 1202 174 1229 is
188 1208 260 1230 most

28 1237 176 1264 honoured
191 1237 219 1264 in
232 1236 277 1263 his

28 1280 92 1299 own
105 1277 195 1299 court.

198 1308 249 1348 '45
269 1317 298 1338 a·

30 1692 182 1719 Offenders
195 1701 242 1718 are
257 1696 286 1718 to

28 1727 63 1752 be
77 1725 218 1760 punished
232 1725 302 1752 with

31 1766 141 1794 respect
155 1766 183 1787 to
197 1760 270 1787 their

32 1804 158 1828 persons.

33 2048 222 2082 Aesculapius

30 2084 122 2110 likens
136 2093 152 2110 a
165 2083 235 2117 king
249 2089 278 2110 to

31 2127 68 2145 an
80 2118 170 2151 eagle.

31 2321 95 2349 The
109 2326 261 2348 treatment

31 2357 65 2384 of
73 2361 218 2389 contempt
232 2356 264 2383 of

1035 67 1090 113 52

315 177 398 219 hoc
432 189 519 218 non
552 174 628 217 fiat
661 175 925 228 frequenter,
948 180 1014 214 set
1046 173 1113 214 bis
1135 171 1203 213 vel
1227 177 1294 213 ter
1315 171 1358 212 in
1381 183 1514 212 anno.
1576 168 1635 211 Et
1667 169 1801 211 debes

314 247 479 289 habere
501 246 612 288 circa
633 251 692 295 te,
715 244 771 285 de
795 249 871 284 tua
895 242 1069 291 familia,
1091 240 1301 296 speciales
1323 240 1398 294 qui
1426 239 1506 281 tibi
1529 238 1718 281 referant
1750 252 1802 281 ea

314 330 400 372 que
423 315 534 358 fiunt
556 321 598 357 et
622 315 829 356 dicuntur
844 326 930 368 per
955 325 1151 366 regnum.

373 386 443 427 De
464 383 589 427 modo
610 382 915 426 honoracz‘om's
926 390 1168 437 procerum.

360 495 362 501 ,
378 456 491 498 Cum
514 455 644 496 fueris
663 454 774 495 inter
791 453 978 494 barones
1001 459 1116 503 tuos,
1135 451 1304 492 honora
1326 449 1549 504 sapientes
1565 456 1609 491 et
1626 462 1736 503 quos
1753 456 1801 499 tu
1822 462 1840 496 5

317 524 476 567 videris
511 524 670 566 merito
701 523 1008 564 honorandos:
1052 528 1153 563 tene
1185 520 1432 575 quemlibet
1464 520 1507 560 in
1538 533 1618 560 suo
1654 525 1802 561 statu:

315 595 452 637 invita
485 594 618 636 hodie
653 607 789 634 unum
830 600 873 634 et
909 605 1004 634 cras
1041 591 1174 632 alium
1193 607 1200 631 :
1234 590 1477 634 secundum
1514 588 1653 644 quod(
1672 589 1801 630 decet

315 665 503 721 gradum
536 663 878 718 uniuscujusque
910 662 1082 704 honora
1117 662 1273 716 ipsum.
1336 659 1495 701 Nullus
1529 660 1585 701 sit
1625 659 1680 701 de
1715 659 1802 701 tuis

315 733 539 776 nobilibus
567 733 641 788 qui
675 740 798 774 tuam
823 746 909 775 non
935 733 1102 774 senciat
1126 731 1389 787 largitatem,
1411 736 1563 785 pateat
1597 729 1804 772 omnibus

315 804 555 846 clemencia
578 803 823 858 majestatis
847 810 890 845 et
915 802 1122 844 nobilitas
1144 802 1278 843 animi
1299 800 1502 843 liberalis.
1772 789 1775 792 ¹
1827 818 1868 842 10

376 873 445 915 De
467 873 676 921 modestia
699 873 858 922 vultus,
881 879 923 913 et
937 873 1139 927 precipue
1158 871 1211 913 de
1231 872 1339 914 risu.
1793 917 1795 919 ¹

379 943 522 985 Decet
548 944 699 997 itaque
723 956 872 998 regem
891 942 1205 984 discrecionem
1224 938 1267 982 e't
1290 940 1608 982 continenciam
1630 939 1807 992 habere,
1858 989 1868 996 ,

319 1020 363 1055 et
395 1026 422 1054 a
454 1013 540 1054 risu
573 1012 763 1054 multum
785 1012 1014 1063 abstinere,
1036 1012 1138 1066 quia
1171 1011 1374 1065 frequens
1400 1011 1510 1052 risus
1537 1009 1654 1053 tollit
1677 1013 1804 1053 'reve-

311 1083 510 1137 ‚renciam
535 1090 579 1125 et
601 1089 783 1137 generat
805 1089 1089 1124 senectutem.

377 1152 445 1194 De
466 1152 551 1194 loco
571 1152 875 1194 honoracz'onz's
898 1152 1017 1206 regis
1037 1158 1080 1192 et
1093 1159 1324 1208 procerum
1345 1164 1537 1192 suorum.
1626 1189 1628 1191 ,
1828 1155 1866 1191 1⁵

383 1223 570 1278 Insuper
591 1223 699 1264 scire
717 1223 852 1264 debes
872 1223 990 1276 quod
1015 1222 1153 1275 magis
1178 1210 1398 1276 (tenentur
1419 1220 1620 1263 homines
1642 1234 1808 1276 regem,

320 1293 406 1346 vel)
444 1306 523 1333 rex
561 1298 736 1335 tenetur
772 1292 976 1333 homines
1005 1291 1009 1346 Ι
1039 1293 1082 1333 in
1120 1306 1198 1333 sua
1235 1291 1451 1333 honorare
1488 1291 1606 1332 curia
1643 1297 1686 1332 et
1727 1304 1808 1332 suo

321 1363 550 1404 consorcio
573 1377 706 1416 quam
730 1362 845 1414 alibi,
869 1363 970 1417 quia
994 1368 1098 1404 tunc
1122 1375 1199 1403 sua
1222 1361 1413 1403 interest.

384 1515 634 1571 Capitulum
658 1526 741 1569 ‚15.
765 1517 816 1557 de
833 1517 1063 1570 punz'cione
1092 1516 1410 1571 injuriancz'um
1439 1522 1483 1556 et
1505 1516 1557 1558 de
1583 1530 1810 1561 conversa-

319 1588 436 1629 cione
457 1587 576 1641 regis
596 1586 665 1628 ad.
676 1586 872 1628 subditos
894 1594 943 1628 ut
965 1601 1061 1628 eum
1084 1594 1242 1628 ament.
1831 1587 1846 1630 2'
1902 1587 1903 1640 j

409 1687 429 1728 I
464 1689 562 1743 quis
596 1688 701 1730 facit
733 1689 926 1743 aliquam
953 1690 1168 1744 injuriam,
1190 1689 1436 1744 puniendus
1467 1696 1532 1731 est
1565 1691 1807 1734 secundum

437 1758 693 1812 qualitatem
729 1773 804 1800 sue
828 1772 1024 1815 persone,
1047 1765 1094 1801 ut
1126 1765 1371 1800 terreantur
1393 1759 1465 1800 alii
1487 1766 1529 1801 et
1557 1760 1728 1804 discant
1750 1763 1808 1805 ab

321 1826 488 1881 injuriis
511 1828 732 1870 abstinere
752 1843 760 1880 ;
794 1835 837 1870 et
856 1829 982 1871 aliter
999 1829 1249 1883 puniendus
1272 1835 1338 1871 est
1359 1830 1518 1872 nobilis
1535 1835 1580 1873 et
1595 1831 1805 1885 excelsus,

320 1897 446 1939 aliter
478 1897 702 1953 popularis
737 1905 779 1940 et
813 1898 1023 1952 abjectus.
1089 1899 1265 1941 Bonum
1298 1913 1403 1953 ergo
1441 1906 1506 1942 est
1541 1901 1729 1956 rigorem
1763 1909 1808 1945 et

321 1967 644 2009 continenciam
687 1968 930 2019 observare,
974 1975 1022 2010 ut
1071 1969 1127 2011 sit
1168 1969 1280 2011 inter
1322 1983 1470 2025 regem
1512 1977 1556 2012 et
1605 1971 1807 2014 subditos
1827 1990 1844 2014 2
1899 1994 1908 2046 »4

320 2037 552 2079 distinccio
577 2051 881 2092 personarum.
925 2038 1041 2096 Nam
1059 2040 1270 2094 scriptum
1295 2047 1361 2082 est
1383 2039 1427 2081 in
1449 2039 1560 2082 libro
1583 2041 1806 2097 Esculapii

321 2107 442 2160 quod
462 2106 534 2148 ille
551 2121 629 2148 rex
648 2114 714 2149 est
730 2107 962 2150 laudabilis
980 2114 1023 2149 et
1048 2110 1263 2151 amandus
1281 2110 1355 2163 qui
1372 2109 1640 2153 assimilatur
1660 2112 1806 2166 aquile

320 2177 567 2218 dominanti
602 2177 716 2219 inter
747 2192 860 2229 aves,
885 2184 928 2220 et
961 2192 1048 2219 non
1078 2177 1152 2220 ille
1179 2179 1251 2233 qui
1278 2180 1543 2222 assimilatur
1564 2181 1638 2222 uni
1659 2182 1805 2224 avium

320 2245 628 2300 subjectarum.
691 2246 738 2289 Si
769 2248 866 2302 quis
899 2248 1031 2303 igitur
1056 2248 1098 2290 in
1128 2249 1246 2290 curia
1267 2249 1335 2291 vel
1365 2249 1663 2304 in'presencia
1689 2252 1808 2306 regie

322 2317 581 2370 magestatis
595 2323 818 2370 presumat
835 2317 1037 2372 injuriam
1053 2324 1306 2372 perpetrare
1319 2319 1388 2361 vel
1407 2318 1623 2362 offensam
1637 2320 1805 2372 inferre,

322 2385 689 2428 considerandum
714 2394 779 2429 est
805 2401 894 2441 quo
916 2388 1064 2429 animo
1082 2387 1188 2429 illud
1213 2387 1326 2438 facit,
1349 2396 1423 2431 aut
1445 2388 1639 2432 ludendo
1660 2397 1706 2432 ut
1727 2391 1808 2434 tibi

323 2454 598 2510 complaceat
615 2463 658 2499 et
675 2457 849 2499 animos
868 2457 923 2499 ad
947 2457 1111 2511 gaudia
1126 2465 1350 2512 provocet,
1365 2472 1421 2501 an
1438 2459 1481 2500 in
1499 2459 1808 2517 contemptum

323 2530 366 2566 et
403 2524 594 2568 dedecus
626 2532 702 2568 tue
733 2526 976 2582 dignitatis.
1053 2526 1101 2569 Si
1135 2528 1277 2583 primo
1312 2530 1460 2582 modo,
1490 2528 1645 2572 leviter
1675 2531 1806 2573 corri-

323 2600 453 2648 gatur
474 2607 483 2645 ;
515 2595 551 2636 si
573 2608 678 2638 vero
701 2596 897 2638 secundo
921 2597 1067 2648 modo,
1090 2603 1231 2640 morte
1253 2599 1475 2641 moriatur.

1826 2338 1845 2372 ω

372 2714 407 2737 11
436 2705 589 2748 Chapter
604 2717 662 2740 xx.
683 2707 719 2740 V.
