1908 3126
202 1506 240 1538 28
259 1506 289 1539 b.

1015 60 1067 103 28

356 258 443 299 Hic
482 257 590 299 liber
625 257 759 298 habet
798 263 990 310 quatuor
1027 263 1190 312 partes.
1255 256 1402 297 Prima
1439 262 1505 297 est
1542 255 1599 295 de
1635 267 1787 309 regum

295 328 512 370 varietate
541 334 585 369 et
615 327 812 368 moribus
839 341 991 368 eorum
1014 334 1058 368 et
1085 327 1310 380 regimine.
1372 324 1576 367 Secunda
1599 337 1700 382 pars
1723 329 1788 365 est

297 400 354 440 de
376 397 590 452 regimine
613 397 823 438 sanitatis.
888 396 1046 438 Tereia
1069 402 1134 438 est
1157 397 1211 437 de
1231 395 1506 442 mirabilibus
1523 393 1790 435 utilitatibus

297 474 453 510 nature
476 474 520 509 et
543 467 649 508 artis
673 474 717 508 et
739 480 926 507 morum.
990 465 1162 520 Quarta
1184 472 1248 507 est
1277 466 1333 506 de
1358 463 1547 506 mirabili
1570 462 1790 505 eleccione

298 538 543 580 amicorum
581 543 624 578 et
661 535 914 590 bajulorum
954 536 1068 589 regis
1110 549 1188 590 per
1230 534 1453 576 naturales
1496 533 1828 588 proprietates5

301 621 537 662 corporum
559 623 568 657 ς
601 613 645 649 θῖ
667 607 747 648 hec
773 606 959 648 sciencia
981 612 1163 648 vocatur
1186 604 1485 647 Phisonomia.

1881 321 1890 338 P

362 717 686 768 Capz'tnlaprzme
696 718 840 767 partis.
1886 731 1893 773 4

359 789 592 839 Capitulum
613 787 787 839 primum
802 788 853 826 de
867 786 1078 838 prohemio
1096 785 1177 825 sive
1194 787 1360 836 prologo
1374 786 1584 836 cujusdam
1603 781 1793 833 sapientis
1890 787 1891 791 ’

304 842 510 884 doctoris
502 857 542 881 in
563 842 927 882 commendacione
949 840 1163 880 Aristotilis
1185 848 1224 880 et
1245 839 1413 891 epistola
1435 837 1651 878 Alexandri
1673 837 1794 898 missa

302 900 355 938 ad
389 897 638 937 Aristotilem
673 910 745 959 pro
779 896 950 936 consilio
981 895 1227 946 optinendo-
1244 902 1283 934 et
1326 894 1498 934 mirabili
1532 887 1794 944 responsione
1815 902 1856 926 10
1891 904 1895 916 *

305 952 521 993 Aristotilis
542 960 581 992 et
602 951 803 1003 sapiencie
824 952 943 1003 plena
963 951 1015 990 ad
1036 949 1260 1001 epistolam.
1619 953 1633 986 ξ
1626 947 1704 998 <p
1726 945 1839 998 36)

359 1007 593 1059 Capitulum
615 1008 839 1046 secundum
860 1007 912 1045 de
936 1006 1103 1056 prologo
1122 1004 1320 1055 Johannis
1341 1004 1408 1055 qui
1430 1002 1628 1043 transtulit
1648 1002 1793 1042 librum

305 1063 426 1102 istum
448 1062 578 1113 primo
599 1064 650 1101 de
670 1061 804 1112 lingua
826 1062 861 1100 G
865 1073 955 1100 reca
974 1060 1015 1098 in
1038 1061 1244 1107 Caldeam,
1267 1068 1306 1098 et
1331 1060 1382 1099 de
1406 1059 1512 1098 hac
1503 1073 1543 1097 in
1564 1057 1792 1104 Arabicam,

307 1126 345 1157 et
366 1119 417 1157 de
438 1119 557 1168 hujus
579 1116 667 1156 libri
689 1116 928 1155 invencione
949 1123 988 1155 et
1009 1114 1287 1154 translacione.
1648 1112 1703 1164 <p-
1726 1110 1796 1164 39)

363 1171 596 1233 Capitulum
618 1170 785 1210 tercium
808 1178 866 1210 est
888 1170 1057 1221 epistola
1077 1169 1292 1209 Aristotilis
1314 1169 1538 1209 remissoria
1558 1169 1610 1208 ad
1631 1167 1796 1219 peticio·
1817 1176 1854 1210 15

307 1241 401 1267 nem
422 1226 523 1277 regis
544 1226 761 1265 Alexandri
789 1225 829 1264 in
857 1238 936 1276 qua
957 1225 1187 1264 Alexandro
1208 1224 1390 1275 querenti
1411 1224 1551 1274 incipit
1571 1222 1797 1283 satisfacere

308 1295 401 1321 cum
423 1280 742 1321 comendacione
757 1282 850 1319 artis
866 1280 947 1320 sive
963 1279 1145 1320 doctrine
1159 1281 1354 1319 tradende
1370 1288 1408 1319 et
1425 1279 1594 1318 utilitate
1610 1276 1797 1318 desiderii

310 1336 496 1376 ferventis
517 1335 745 1375 voluntatis.
1650 1330 1798 1384 (1240)

364 1391 596 1442 Capitulum
636 1399 821 1441 quartum
862 1392 913 1430 de
953 1389 1028 1428 hiis
1067 1403 1146 1440 que
1184 1396 1341 1450 oportet
1380 1402 1512 1440 regem
1559 1388 1707 1427 habere
1744 1387 1797 1426 ad

309 1447 650 1486 sustentacionem
685 1445 793 1497 regni
827 1445 886 1484 sui
926 1453 964 1484 et
1004 1446 1055 1484 de
1089 1443 1219 1484 causis
1253 1445 1358 1484 bene
1392 1443 1596 1495 regnandi,
1630 1442 1712 1482 sive
1746 1443 1798 1481 de
1819 1455 1857 1478 20
1898 1456 1908 1473 »⁴

310 1500 582 1553 disposicione
621 1514 758 1552 regum
799 1508 837 1540 et
877 1499 1138 1539 ordinacione
1177 1500 1297 1550 regni,
1335 1508 1373 1538 et
1400 1498 1404 1551 Ι
1432 1500 1561 1550 primo
1595 1499 1646 1538 de
1678 1510 1798 1536 causa
1846 1537 1855 1542 ,
1898 1495 1900 1536 ἐ

310 1556 598 1596 occultacionis
620 1564 863 1595 secretorum
886 1569 955 1606 per
977 1555 1096 1594 verba
1118 1553 1367 1615 enigmatica.
1649 1551 1703 1605 (p.
1726 1550 1798 1604 41>
1898 1547 1900 1557 ⁴

366 1611 598 1662 Capitulum
624 1610 809 1661 quintum
835 1612 885 1650 de
910 1609 1068 1661 regibus
1095 1617 1134 1649 et
1161 1623 1299 1649 eorum
1320 1608 1431 1648 viciis
1453 1610 1555 1647 circa
1576 1607 1797 1658 largitatem
1900 1648 1901 1651 ,

310 1674 349 1706 et
378 1665 601 1713 avariciam,
634 1665 715 1704 sive
750 1666 801 1705 de
836 1664 1095 1704 observancia
1128 1664 1329 1715 largitatis,
1364 1665 1446 1703 sive
1480 1665 1531 1703 de
1565 1662 1724 1714 regibus
1758 1669 1798 1701 et
1899 1661 1904 1679 ’

311 1734 449 1760 eorum
472 1720 604 1760 modis
625 1720 729 1759 circa
750 1720 970 1771 largitatem
993 1728 1031 1759 et
1051 1719 1262 1758 avariciam
1280 1727 1319 1758 et
1335 1720 1386 1758 de
1407 1718 1532 1758 tribus
1554 1717 1799 1757 condicioni-
1819 1725 1856 1759 25
1900 1706 1908 1767 l

311 1776 386 1815 bus
417 1774 719 1815 considerandis
750 1775 790 1813 in
821 1775 939 1814 donis
969 1774 1194 1826 largiendis,
1231 1783 1269 1813 et
1299 1774 1388 1825 quis
1418 1781 1477 1812 est
1498 1775 1628 1824 largus
1649 1780 1687 1812 et
1708 1773 1798 1823 quis
1900 1771 1902 1780 '

312 1830 503 1882 prodigus
525 1838 564 1869 et
584 1843 717 1880 quare.
1652 1827 1707 1878 (p.
1730 1826 1800 1880 42)

367 1885 599 1936 Capitulum
623 1887 672 1924 .6.
703 1886 851 1924 Adhuc
873 1886 923 1924 de
945 1886 1089 1924 eodem
1107 1893 1145 1924 et
1165 1884 1252 1923 aliis
1269 1883 1478 1923 virtutibus
1500 1896 1579 1934 que
1599 1882 1799 1933 pertinent

312 1939 480 1991 largitati
516 1948 555 1979 et
588 1939 855 1979 declinacioni
888 1939 1177 1990 prodigalitatis
1209 1948 1248 1978 et
1282 1938 1476 1986 avariciei‚
1511 1946 1548 1977 et
1588 1939 1639 1977 de
1675 1938 1799 1977 modo

311 1996 436 2035 dandi
469 2008 520 2034 ne
555 1996 656 2033 ultra
688 1996 855 2034 niodum
878 1996 1008 2043 detur
1038 2002 1077 2033 et
1109 1994 1208 2044 quid
1237 2002 1296 2033 est
1325 1993 1449 2045 gloria
1479 2006 1616 2044 regum
1648 2001 1686 2032 et
1716 2004 1800 2043 per·
1820 2002 1860 2035 30
1902 2003 1905 2038 J·

312 2049 497 2090 hennitas
518 2063 742 2100 regnorum,
767 2057 805 2088 et
827 2050 878 2089 de
899 2062 1018 2088 causa
1039 2025 1349 2089 destruccioni?
1350 2048 1458 2099 regni
1481 2048 1736 2094 Caldeorum,
1761 2054 1800 2087 et

312 2106 364 2144 de
386 2104 614 2143 substancia
635 2104 823 2155 largitatis
845 2112 883 2143 et
904 2103 1069 2152 viantis,
1093 2112 1130 2143 et
1151 2105 1202 2143 de
1230 2102 1592 2143 commendacione
1619 2101 1801 2141 doctrine

314 2159 460 2198 tradite
481 2167 519 2197 et
540 2160 746 2198 tradende.
1651 2157 1706 2208 (p.
1732 2156 1801 2209 44)

371 2213 603 2264 Capitulum
626 2225 675 2262 ..7
700 2214 751 2252 de
782 2213 986 2252 intellectu
1018 2221 1056 2252 et
1088 2213 1194 2252 bona
1224 2214 1330 2251 fama
1356 2212 1607 2263 adquirenda
1636 2225 1714 2262 que
1741 2219 1801 2251 est

318 2267 408 2306 finis
448 2269 569 2318 regni,
604 2275 642 2306 et
674 2275 733 2307 est
766 2268 948 2306 doctrina
983 2268 1034 2306 de
1069 2267 1280 2306 virtutibus
1312 2275 1350 2306 et
1385 2267 1505 2306 viciis.
1569 2268 1671 2306 Item
1703 2266 1801 2317 quid
1820 2271 1858 2305 35

316 2330 479 2373 generat
501 2322 661 2370 invidia,
684 2323 781 2372 quid
804 2330 863 2361 est
884 2323 1037 2370 veritas,
1055 2330 1093 2361 et
1115 2323 1212 2372 quid
1233 2330 1394 2373 generat
1413 2321 1584 2372 justicia.
1653 2320 1708 2373 (p.
1732 2319 1802 2373 45)

373 2376 607 2428 Capitulum
623 2379 672 2416 .8.
687 2378 737 2416 de
756 2376 868 2415 malis
886 2390 965 2427 que
982 2385 1175 2427 sequntur
1192 2390 1238 2416 ex
1256 2376 1401 2415 carnali
1419 2377 1609 2427 appetitu.
1659 2376 1714 2428 (p.
1732 2374 1802 2427 46)

374 2433 607 2482 Capitulum
630 2446 679 2481 .9.
711 2433 762 2471 de
801 2431 901 2482 regis
941 2431 1143 2482 sapiencia
1182 2440 1219 2470 et
1255 2431 1444 2482 religione
1485 2431 1648 2471 sive'de
1683 2430 1802 2482 regali

319 2485 591 2536 disposicione
625 2487 735 2536 quod
768 2500 834 2525 rex
868 2486 917 2525 sit
949 2486 1106 2536 sapiens
1142 2494 1180 2525 et
1213 2494 1255 2525 ut
1286 2487 1390 2524 fama
1423 2486 1481 2524 sui
1516 2485 1690 2525 nominis
1721 2485 1802 2524 sive

321 2540 522 2591 sapiencie
558 2554 627 2579 sue
655 2540 889 2592 divulgetur,
923 2549 961 2579 et
991 2542 1042 2580 de
1070 2541 1313 2591 probacione
1344 2542 1375 2579 si
1406 2554 1471 2579 rex
1499 2540 1547 2579 sit
1578 2540 1734 2591 sapiens
1764 2547 1802 2580 et
1822 2549 1864 2582 40

322 2594 528 2645 religiosus
550 2608 640 2634 vere
663 2596 723 2634 vel
744 2603 992 2646 apparenter.
1657 2593 1712 2646 (p.
1735 2593 1804 2648 47)

378 2649 609 2700 Capitulum
631 2664 707 2688 .10.
740 2651 791 2689 de
805 2650 1076 2689 honoracione
1092 2649 1364 2700 religiosorum
1386 2658 1424 2689 et
1444 2649 1682 2701 sapientum,
1698 2658 1737 2689 et
1752 2651 1804 2690 de
1837 2660 1844 2666 ·

323 2703 580 2754 providencia
601 2711 640 2743 et
660 2704 807 2754 pietate
829 2704 1136 2743 mansuetudine
1159 2713 1197 2743 et
1217 2704 1474 2744 discrecione.
1661 2704 1713 2755 (p.
1737 2702 1806 2757 48)
