1908 3126
1035 60 1120 104 130

326 165 505 209 tabilis1
521 180 624 208 vero
649 165 922 219 composicio
937 164 1128 206 nobilior
1144 170 1211 206 est
1235 163 1440 217 originali
1456 163 1498 205 2:
1530 164 1692 206 animal
1714 179 1821 207 vero

326 236 517 279 nobilius
539 244 604 278 est
629 236 671 277 in
694 235 1024 289 composicione
1047 248 1180 289 quarn
1205 234 1260 275 sit
1282 234 1536 288 vegetabile
1553 233 1583 275 3.

38 322 256 349 Mantinemust
388 307 541 349 Homo
580 321 684 347 vero
726 305 916 346 nobilior
959 311 1023 346 est
1065 305 1107 345 in
1145 305 1472 357 composicione
1514 305 1820 347 universorum

37 357 131 383 ηοω
327 377 581 419 animalium
632 382 676 417 et
719 375 905 430 igneitas
948 375 991 415 in
1034 388 1087 416 eo
1136 375 1277 429 magis
1320 375 1589 425 dominatur,
1632 375 1676 417 et
1718 389 1822 416 con-

325 447 556 489 venierunt
593 446 636 487 in
677 445 773 499 ejus
816 444 1146 499 composicione
1188 444 1338 485 omnia
1381 432 1583 486 universe
1625 459 1692 487 res
1734 459 1858 499 ques

328 518 562 572 pariuntur
606 523 650 557 et
695 515 976 556 inveniuntur
1012 514 1055 555 in
1094 514 1271 555 entibus
1304 514 1581 568 simplicibus
1618 521 1662 556 et
1700 529 1821 556 com-
1853 537 1859 539 >

328 587 495 641 positis,
527 586 629 642 quia
661 586 799 627 homo
832 591 899 626 est
933 599 991 626 ex
1024 598 1209 638 corpore
1239 585 1376 626 denso
1399 591 1753 627 commensurato
1777 593 1821 627 et

328 672 386 699 ex
408 657 558 699 anima
579 670 666 710 que
688 662 755 697 est
779 655 971 709 simplex
994 654 1249 696 substancia
1276 654 1525 708 spiritualis.

388 766 641 822 Capitulum
663 778 717 821 .7.
751 766 868 820 qnod
893 766 1048 807 anima
1070 765 1257 820 propria
1288 765 1518 820 cujuslibet
1533 766 1684 821 primo
1705 767 1827 809 debet

324 837 433 879 sciri
463 852 491 878 a
521 837 719 891 quolibet,
750 843 795 878 et
821 836 873 878 de
904 836 1119 878 divisione
1150 836 1372 878 virtutum
1402 836 1547 878 anime
1568 845 1612 880 et
1630 837 1682 878 de
1709 838 1824 893 regi·
1842 857 1881 890 ιο
1907 886 1908 890 ¹

327 908 519 950 minibus
540 916 583 949 et
601 906 790 948 statibus
810 907 957 948 anime
978 907 1025 947 in
1047 905 1128 947 lzac
1151 905 1244 947 vita'
1266 912 1308 947 et
1313 907 1497 960 futura.

40 1019 147 1046 Obmi„
160 1028 178 1044 a
190 1019 287 1045 know-
445 995 484 1037 E
506 1009 610 1037 vero
629 1000 807 1049 oportet
830 994 864 1034 si
888 1000 936 1035 tu
954 1008 1000 1034 es
1015 993 1159 1035 sciens
1177 1008 1310 1047 supra
1327 994 1538 1036 sciencias
1557 1001 1599 1036 et
1615 985 1823 1039 veritates

40 1053 249 1115 ξῗξξὲὧῗοω
444 1065 617 1107 encium
655 1071 700 1107 et
740 1063 1046 1114 existendum,
1086 1065 1206 1118 quod
1244 1070 1292 1106 tu
1331 1063 1514 1118 incipias
1553 1065 1754 1120 inprimis
1796 1081 1823 1109 a

326 1136 585 1190 cognicione
615 1142 691 1176 tue
722 1134 870 1176 anime
899 1149 983 1188 que
1014 1134 1303 1188 propinquior
1335 1141 1401 1176 est
1430 1135 1511 1176 tibi
1539 1137 1691 1178 ceteris
1714 1136 1821 1186 aliis,

328 1206 488 1248 deinde
510 1212 613 1260 post
635 1205 749 1246 hanc
772 1205 936 1246 habere
958 1205 1194 1246 scienciam
1218 1211 1476 1247 ceterorum.
1844 1207 1878 1239 Ι5
1905 1202 1908 1238 l

38 1286 241 1313 Tinesoulhas
390 1275 515 1319 Scias
545 1289 651 1330 ergo
683 1276 804 1330 quod
833 1275 981 1317 anima
1010 1275 1268 1316 universalis
1291 1281 1357 1316 est
1380 1276 1445 1317 vis
1466 1276 1704 1331 spiritualis
1727 1284 1824 1320 orta
1906 1263 1908 1274 Ι

41 1321 120 1347 three
133 1320 297 1353 strengths:

330 1354 430 1400 post
464 1344 841 1400 intelligenciam4
877 1346 1106 1387 voluntate
1143 1346 1302 1393 divina,
1338 1352 1382 1387 et
1421 1346 1558 1389 habet
1588 1354 1677 1389 tres
1709 1349 1824 1390 vires

329 1424 555 1459 currentes
578 1417 622 1458 in
644 1416 906 1470 corporibus
928 1416 1040 1458 sicut
1072 1415 1221 1457 lumen
1244 1416 1348 1457 solis
1372 1417 1414 1457 in
1439 1417 1640 1470 partibus
1665 1419 1790 1472 aeris,
1816 1417 1821 1474 Ι

220 1502 310 1534 99a
330 1501 417 1529 una
448 1487 605 1528 virium
636 1494 701 1528 est
735 1486 1015 1540 intellectiva,
1037 1487 1233 1528 secunda
1264 1492 1329 1528 est
1357 1488 1573 1539 sensitiva,
1596 1489 1732 1531 tercia
1758 1496 1824 1531 est

41 1570 223 1603 intellective,
330 1558 593 1611 vegetativa‚
613 1564 779 1612 quam
768 1522 1039 1598 illustravit
1061 1556 1279 1627 gloriosus
1304 1557 1428 1599 Deus
1451 1564 1624 1612 septem
1648 1559 1823 1643 virsibus,
1843 1568 1902 1592 ²0

39 1605 184 1645 sensitive,
199 1606 256 1632 and

40 1646 214 1673 vegetative.

43 1685 304 1712 Ofthisthereare
331 1658 417 1698 que
438 1650 541 1686 sunt
558 1644 804 1693 attractiva,
821 1631 1048 1692 retentiva,
1062 1643 1292 1698 digestiva,
1307 1642 1586 1699 expulsi<v>a,
1604 1623 1822 1697 nutritiva

41 1729 125 1746 seven
140 1720 239 1746 forces.

332 1702 601 1786 generativa,
626 1730 920 1772 informativa.
968 1730 1189 1785 Operacio
1207 1745 1313 1786 ergo
1335 1730 1467 1785 hujus
1484 1731 1549 1772 vis
1571 1733 1823 1786 generative

43 1804 280 1844 Thevegetative
333 1801 376 1842 in
400 1802 768 1855 compa1acione⁶
761 1800 980 1855 corporis
998 1801 1179 1842 humani
1203 1809 1269 1843 est
1292 1802 1336 1842 in
1354 1802 1614 1856 recepcione
1631 1817 1823 1858 sperma-

42 1845 133 1866 vxrtue
148 1840 216 1865 lasts
229 1849 314 1866 seven

42 1874 242 1941 Lffissggtffifr
334 1871 390 1913 tis
415 1872 456 1912 in
471 1871 611 1924 vulva,
631 1877 674 1913 et
694 1871 737 1912 in
756 1871 793 1925 ej
803 1885 850 1912 us
864 1871 1161 1926 disposicione
1176 1871 1305 1913 durat
1324 1885 1402 1926 per
1419 1878 1592 1926 septem
1607 1871 1623 1896 ⁷
1641 1887 1822 1924 menses,

333 1947 378 1982 et
410 1948 650 1996 postquam
686 1940 918 1994 perfecerit
957 1941 1042 1982 hoc
1076 1947 1252 1996 tempus
1287 1942 1406 1996 quod
1438 1951 1822 1996 premensuratum
1843 1951 1878 1984 ²5

44 2017 189 2043 whenthe
202 2017 278 2044 child
331 2017 398 2052 est
431 2012 487 2052 ab
518 2011 734 2053 altissimo
769 2001 868 2052 Deo
903 2010 1094 2069 glorioso
1127 2017 1170 2052 et
1202 2011 1394 2063 sublimi,
1425 2019 1531 2054 tunc
1562 2013 1823 2055 transmittit

387 2111 397 2131 ¹
429 2110 590 2158 scilicet,
612 2109 678 2148 rei.
1066 2109 1079 2129 ²
1110 2109 1150 2147 id
1171 2118 1241 2157 est,
1266 2100 1456 2149 minerali'.

386 2168 400 2187 ³
430 2163 680 2215 Vegetabilia
701 2172 793 2203 sunt
814 2164 976 2203 arbores
998 2172 1036 2203 et
1063 2163 1187 2202 herba
1208 2172 1247 2203 et
1275 2164 1410 2203 onmia
1437 2179 1516 2215 que
1536 2165 1763 2206 nutriuntur
1783 2176 1822 2207 et

331 2227 516 2259 crescunt
537 2219 576 2258 in
598 2227 700 2258 terra
720 2227 759 2258 et
780 2232 827 2258 ex
848 2227 961 2258 terra.

386 2277 398 2296 ⁴
428 2274 469 2314 id
491 2282 560 2323 est,
575 2273 718 2324 angeli.
1103 2275 1116 2293 ⁵
1145 2273 1307 2320 seilicet,
1328 2274 1602 2326 vegetativam.
1839 2289 1879 2322 30

387 2331 400 2351 ⁶
430 2343 500 2368 seu
530 2328 815 2380 preparacione
846 2337 884 2367 et
914 2328 1214 2377 informacione‚
1237 2337 1275 2368 et
1306 2329 1398 2369 ideo
1429 2331 1735 2382 comprehendit
1756 2333 1820 2371 hic

331 2385 517 2423 virtutem
539 2383 833 2422 informativam
855 2396 947 2422 cum
967 2383 1206 2433 generativa.

385 2441 400 2461 ⁷
430 2438 581 2478 scilicet
612 2439 664 2477 ad
696 2437 840 2483 minus,
877 2439 1009 2488 plures
1041 2445 1175 2477 tamen
1205 2446 1423 2478 nascuntur
1458 2441 1498 2478 in
1532 2433 1643 2480 nono
1682 2453 1820 2481 mense

332 2502 370 2534 et
392 2493 509 2545 pauci
530 2493 569 2531 in
592 2492 764 2543 septimo
785 2501 823 2532 et
845 2500 936 2531 sunt
957 2492 1122 2532 debiles.

376 2595 397 2622 9
421 2584 575 2623 Chapter
588 2584 745 2615 lxxxviii.
766 2581 803 2614 V.

378 2662 399 2691 8
422 2660 578 2692 Footnote
594 2662 629 2691 in
647 2661 751 2693 MS.:
777 2663 784 2677 ‘
801 2660 891 2692 Nota
913 2660 1002 2692 bene
1023 2660 1106 2691 illud
1124 2659 1309 2700 capitulum
1332 2661 1375 2692 de
1397 2661 1600 2701 cognicione
1621 2662 1735 2694 anime
1758 2663 1826 2703 pre'

333 2712 500 2753 omnibus,
519 2717 554 2744 et
572 2723 641 2744 non
661 2714 797 2745 recedat
813 2723 832 2744 a
849 2713 954 2744 corde
971 2712 1060 2753 quod
1078 2713 1111 2743 in
1129 2712 1198 2743 fine
1215 2712 1353 2753 capituli
1371 2713 1451 2745 dicit
1468 2714 1722 2754 philosophus!
