1908 3126
774 77 827 118 99

59 180 391 234 disputaverunt
418 181 474 221 de
495 179 578 221 hiis
602 193 687 233 que
708 186 810 220 sunt
839 192 972 233 supra
998 184 1215 227 naturam,
1239 178 1295 219 de
1318 178 1464 231 pleno,
1489 178 1543 218 de

59 264 213 299 vacuo,
234 250 290 291 de
322 248 461 297 finito,
484 256 526 291 et
560 250 617 290 de
649 248 833 297 infinito,
856 256 900 290 et
932 249 1210 290 concorditer
1242 253 1540 289 convenerunt
1560 250 1835 316 {gihssffierss‘ss'king

59 320 102 362 in
124 319 405 361 confeccione
427 318 551 361 istius
573 319 791 360 medicine
813 318 1119 361 inestimabilis
1141 331 1276 371 quarn
1299 317 1540 359 diviserunt
1561 317 1780 345 thismedicine·

60 391 102 432 in
127 390 179 432 .8.
204 396 358 443 partes.
422 389 619 444 Quidam
651 389 870 442 siquidem
899 388 1052 430 volunt
1085 395 1129 430 et
1161 387 1386 430 affirmant
1418 387 1539 440 quod

63 459 218 502 Enoch
260 459 382 501 novit
423 459 508 500 hoc
549 465 767 500 secretum
810 473 887 512 per
923 459 1152 500 visionem.
1215 458 1385 500 Volunt
1424 458 1541 499 enim

61 531 203 572 dicere
241 529 359 583 quod
397 529 479 570 iste
518 527 674 569 Enoch
713 527 794 569 fuit
834 542 1022 582 magnus
1062 529 1371 581 Hermogenes
1409 540 1541 581 quem
1565 533 1830 601 {gffissffissssffi}

63 600 188 642 Greci
232 599 416 641 multum
454 599 771 640 commendant
813 606 857 640 et
895 599 1092 648 laudant,
1136 605 1181 641 et
1218 598 1256 639 ei
1294 598 1544 640 attribuunt
1827 587 1835 594 ⁹

0 688 1 695 ¹
64 683 242 713 omnem
266 669 496 710 scienciam
521 675 733 710 secretam
758 675 802 710 et
825 669 1048 710 celestem.

123 779 373 835 Capitulum
392 778 473 820 .28.
489 778 541 820 de
557 785 655 820 arte
670 778 926 833 conficiendi
942 779 1156 833 ‘gloriam
1175 776 1509 819 inestinmbilem
1525 773 1548 824 '‚

9 865 47 888 10
63 859 106 893 et
124 851 275 905 primo
306 849 358 890 de
385 858 482 891 arte
509 848 763 904 conficiendi
789 849 884 898 mel,
906 863 986 902 qno
1015 847 1308 903 cmzficiuntur
1342 847 1550 888 medicine

55 921 273 976 posterius
312 919 500 969 dicende,
535 920 705 968 scilicet,
743 918 795 960 .8.
834 932 913 972 qne
949 925 1192 973 conponunt
1229 918 1439 970 ‘gloriam
1484 917 1549 957 in-

0 972 3 1077 1
64 990 347 1034 estimabilem
363 989 386 1032 ’.
757 988 765 1001 ’

1567 1040 1592 1065 Α
1608 1039 1702 1072 honey
1715 1048 1746 1065 or

175 1078 267 1119 Um
293 1077 377 1118 Dei
398 1077 709 1119 benediccione
732 1090 856 1118 sume
879 1077 934 1118 de
951 1090 1082 1118 succo
1101 1073 1382 1130 maligranati
1406 1072 1548 1114 dulcis
1567 1072 1732 1134 sffeigfclfnggf
1747 1073 1794 1100 the

176 1158 257 1201 ‚25.
288 1148 452 1188 rotulas
467 1146 494 1198 ¹,
524 1148 579 1188 de
607 1161 738 1188 succo
768 1147 1049 1200 maligranati
1079 1145 1188 1186 acris
1215 1143 1220 1200 Ι
1251 1159 1306 1185 .Χ.
1337 1143 1504 1185 rotulas
1520 1141 1548 1192 2,
1572 1154 1610 1195 78
1629 1165 1658 1185 a.

11 1229 47 1263 15
66 1224 110 1258 et
147 1219 203 1258 de
238 1231 368 1258 succo
404 1217 565 1258 racemi
607 1216 747 1257 dulcis
781 1215 898 1257 claro
932 1217 971 1256 .i.
1005 1215 1209 1264 rotulam,
1242 1221 1286 1256 et
1327 1215 1382 1254 de
1419 1225 1549 1253 succo
1568 1223 1842 1255 Ofpomegranate-‚

67 1301 301 1341 pomorum
334 1287 529 1328 dulcium
552 1298 633 1326 .10.
659 1286 837 1331 rotulas,
865 1293 908 1327 et
941 1286 997 1327 de
1030 1299 1185 1326 zucaro
1217 1285 1336 1325 claro
1368 1283 1469 1324 albo
1504 1289 1548 1323 et
1565 1255 1841 1324 ῗιῖῗεῖῗῖιῗῖὲᾱεῖἓῗῗξ

69 1357 235 1398 mundo
256 1369 337 1396 .10.
363 1356 540 1398 rotulas.
605 1355 703 1396 Hec
725 1356 873 1396 omnia
889 1361 1110 1409 ponantur
1132 1355 1175 1395 in
1198 1368 1313 1402 vase,
1338 1353 1400 1394 ita
1424 1359 1473 1393 ut
1496 1350 1549 1391 sit

67 1428 124 1468 ad
147 1427 444 1478 medietatem,
467 1432 510 1467 et
532 1439 633 1467 cum
656 1426 949 1467 discreccione
979 1425 1283 1478 decoquantur
1305 1436 1405 1465 cum
1428 1421 1551 1462 suavi

69 1497 171 1552 igne
193 1504 236 1538 et
259 1490 432 1551 penitus
454 1496 547 1537 sine
570 1496 705 1545 furno,
729 1501 773 1536 et
796 1495 977 1536 tollatur
999 1501 1094 1536 tota
1116 1508 1287 1549 spuma,
1311 1500 1355 1534 et
1376 1498 1552 1534 tantum
1572 1499 1764 1566 Egclffigfwn
1778 1504 1808 1524 to

13 1581 52 1605 20
69 1568 344 1621 decoquatur
379 1580 613 1621 quousque
650 1566 863 1607 efficiatur
901 1565 1013 1606 sicut
1056 1564 1142 1606 mel
1181 1564 1386 1618 spissum.
1452 1561 1553 1602 Hoc

70 1637 251 1692 quidem
274 1643 340 1678 est
362 1637 469 1677 illud
494 1636 582 1677 mel
604 1636 824 1690 optimum
847 1649 937 1689 quo
964 1634 1256 1676 conficiuntur
1281 1632 1497 1674 medicine
1514 1646 1522 1683 ;
1539 1629 1555 1653 ³

71 1708 207 1749 debes
231 1721 336 1761 ergo
360 1707 424 1748 uti
448 1708 560 1749 sicut
582 1706 832 1760 predictum
856 1713 934 1747 est.

129 1817 295 1858 Prima
315 1815 532 1856 772edz'cina
548 1828 626 1868 que
641 1815 864 1868 confortat
869 1813 1141 1869 principalia
1159 1812 1366 1861 membra,
1385 1811 1557 1859 scilicet,

71 1887 302 1936 cerebrum,
324 1900 407 1934 cor,
431 1892 474 1926 et
493 1884 774 1926 stonmclmm.

160 2044 306 2086 rubeis
345 2043 381 2086 .i.
419 2043 622 2092 rotulam,
659 2050 702 2083 et
736 2043 791 2083 de
826 2041 953 2082 violis
987 2047 1145 2094 quarta
1181 2052 1282 2093 pars
1326 2036 1479 2086 rotule,
1514 2041 1558 2076 et
1574 2009 1841 2076 {iginfoligiriand

75 2114 224 2156 omnia
262 2119 482 2167 ponantur
514 2113 558 2153 in
590 2127 647 2155 ,λη
681 2113 803 2152 libris
835 2125 948 2165 aque
981 2110 1133 2159 dulcis,
1159 2115 1397 2162 postquam
1431 2106 1474 2146 in
1507 2118 1560 2146 eo
1577 2077 1715 2104 amah

75 2185 332 2240 appositum
364 2183 491 2225 fuerit
523 2184 579 2224 de
611 2196 726 2236 aqua
758 2178 1057 2234 eleorongan4
1088 2179 1234 2220 media
1267 2191 1368 2231 pars
1407 2175 1559 2224 rotule,

77 2262 121 2297 et
143 2256 198 2296 de
219 2268 336 2307 aqua
359 2261 506 2295 mente
522 2253 671 2294 viridis
692 2253 905 2294 medietas
925 2251 1077 2299 rotule,
1097 2256 1140 2290 et
1164 2249 1218 2290 de
1240 2261 1357 2301 aqua
1380 2243 1562 2299 ling<u>e

16 1997 54 2030 25
78 1974 336 2080 Sumatur
358 1987 457 2015 cum
484 1973 567 2013 Dei
590 1972 904 2013 benediccione
927 1977 969 2011 et
996 1969 1089 2023 ejus
1117 1968 1339 2022 adjutorio
1362 1967 1418 2007 de
1449 1965 1556 2006 rosis
1577 1974 1812 2001 Thefirstmedi.

20 2397 61 2429 30
132 2380 143 2400 ¹
173 2379 214 2419 id
245 2387 318 2427 est,
347 2387 488 2428 partes.
542 2379 690 2417 Rotula
721 2385 780 2417 est
812 2390 937 2428 genus
971 2374 1160 2427 ponderis
1199 2374 1307 2412 unde
1347 2372 1423 2411 alia
1452 2371 1563 2410 litera

77 2435 200 2474 habet
221 2448 254 2473 ,2
261 2446 295 2485 5.
318 2442 459 2485 partes.

134 2489 146 2509 ²
175 2502 300 2540 genus
322 2487 522 2539 ponderis,
546 2488 647 2526 sicut
668 2488 776 2538 apud
797 2500 870 2525 nos
893 2486 1010 2524 uncia
1031 2487 1093 2524 vel
1111 2485 1286 2533 dragma.

133 2546 146 2565 ³
175 2543 371 2595 posterius
393 2543 564 2582 dicende
584 2556 662 2593 que
683 2549 933 2592 componunt
959 2541 1144 2591 ‘gloriam
1166 2535 1474 2577 inestimabilem
1490 2535 1507 2571 ’.

135 2599 149 2644 f
178 2598 327 2637 ndt'nen
349 2597 566 2636 arabicum.

7 2525 9 2532 ⁴

7 2565 9 2572 ⁴

125 2719 322 2760 9-Chapter
339 2718 420 2749 lxvi.
446 2719 481 2750 V.
619 2728 660 2757 25
686 2718 842 2759 Chapter
859 2717 951 2747 lxvii.
977 2716 1012 2747 V.

782 2783 816 2814 H
844 2785 866 2812 2
