1908 3126
756 103 837 148 273

47 202 188 238 cerebri
224 203 341 247 tabes,
368 205 545 249 gravedo,
573 205 709 250 angina
745 212 939 249 nocturna,
967 205 1165 250 teredines,
1193 219 1275 251 vua,
1308 208 1530 254 profluvium

47 260 277 306 capillorum,
297 262 474 298 ulceratio
494 263 640 309 capitis,
659 263 826 299 dentium
846 264 1055 299 cruciatus.'
1109 265 1273 302 Diocles.

94 316 182 363 84¹⁴.
210 319 376 365 ‘Lingua
393 321 600 364 crassescit,
618 322 772 367 ejiciunt
799 333 865 367 per
889 329 1009 368 sputa,
1029 324 1087 358 vel
1113 325 1212 359 salsa
1236 324 1293 359 vel
1319 336 1448 360 amara
1472 316 1530 361 vel

46 376 191 420 biliosa,
221 377 257 412 in
292 379 469 414 lateribu‘s
499 391 543 415 ac
574 380 737 426 scapulis
769 381 916 416 dolores
947 381 1041 417 citra
1075 382 1315 418 occasionem
1351 383 1528 426 oriuntur,

45 435 242 471 oscedines
285 438 450 479 crebrae,
484 437 642 483 vigiliae,
677 439 951 483 suffocationes,
990 440 1072 476 sitis
1114 453 1158 476 ex
1202 452 1346 485 somno,
1381 441 1528 477 animus

46 493 196 538 tristior,
222 494 369 540 algores
396 497 567 542 pectoris,
592 490 831 533 brachiorum
866 505 902 534 et
937 511 1115 534 manuum
1150 506 1300 544 tremor,
1327 500 1530 536 infestant.²

46 553 211 588 Diocles.

90 609 176 654 84¹⁷.
203 613 382 648 ‘Prosunt
401 614 517 649 etiam
530 615 645 660 jejuni
667 615 851 651 vomitus.'
904 616 1067 652 Diocles.

90 669 230 713 84¹⁸‘'²⁰.
260 672 337 707 Not
355 672 590 709 fromDiocle
605 685 635 709 s.
839 686 842 688 ’

88 728 175 772 84²⁰.
201 731 437 767 amissosus
455 732 485 766 is
504 734 681 777 anssoun,
703 734 765 767 Ar.

88 780 175 830 84²¹.
200 791 477 834 transeugam
496 790 525 825 is
537 791 755 836 galengale.

87 844 172 892 84²²..
201 846 210 863 ‘
225 846 428 891 Pleuritim,
443 849 742 893 pulmoniariam,
758 849 1059 892 melancholiam,
1074 849 1194 885 febres
1211 856 1353 895 acutas,
1372 851 1523 896 phreni—

39 903 106 939 tim
124 911 332 949 veternum,
350 913 386 941 et
405 918 489 942 cum
509 906 672 952 singultu
690 908 863 942 ardorem
882 906 1083 952 (metuat).’
1136 908 1304 944 Diocles.

85 961 173 1006 84²⁵.
189 963 428 1000 ‘Aristoteles
445 965 630 1001 instruens
639 966 894 1001 Alexandrum
906 967 1050 1011 Regem
1068 966 1195 1012 inquit,
1207 967 1524 1012 frequentationes

39 1021 196 1067 pectinis
227 1034 339 1069 super
364 1030 477 1070 caput
505 1024 624 1060 visum
650 1024 900 1070 impedientes
925 1031 1097 1060 evertunt
1124 1026 1173 1060 ad
1201 1033 1337 1070 cutem,
1357 1037 1404 1061 ne
1430 1027 1522 1062 visui

38 1080 173 1116 obsint.
227 1083 322 1117 Item
342 1083 473 1128 inquit,
488 1090 663 1129 aspectus
682 1095 804 1120 rerum
824 1083 997 1118 viridium
1017 1084 1054 1118 in
1072 1084 1155 1119 loco
1173 1085 1313 1120 multae
1331 1085 1522 1130 temperiei

37 1138 158 1174 visum
189 1141 417 1177 corroborat.
471 1143 566 1177 Item
597 1142 699 1186 dixit,
726 1142 896 1188 aspicere
931 1143 1124 1187 speculum
1162 1149 1302 1178 tersum
1339 1143 1522 1178 directum

35 1204 72 1233 et
99 1198 162 1233 diu
189 1199 322 1235 intueri
348 1211 460 1246 super
486 1200 608 1246 ipsum
635 1200 754 1236 visum
782 1202 1006 1243 corroborat,
1027 1208 1063 1236 et
1089 1201 1187 1236 oculi
1215 1201 1521 1246 defatigationem

35 1263 211 1292 removet.
264 1259 358 1293 Item
393 1258 560 1303 injunxit,
588 1266 673 1305 post
707 1259 802 1294 oculi
837 1258 1146 1303 defatigationem
1187 1259 1331 1304 ingredi
1367 1260 1520 1295 domum

23 1315 235 1359 ‚obscuram
256 1326 332 1361 non
357 1317 495 1351 multae
520 1316 806 1360 tenebrositatis,
825 1324 860 1352 et
885 1317 1019 1352 intueri
1046 1317 1229 1352 fenestras
1257 1317 1293 1352 in
1319 1317 1452 1363 quibus
1475 1318 1521 1353 sit

33 1373 184 1419 aliquod
203 1385 334 1419 parum
353 1374 482 1418 viride,
501 1375 559 1410 vel
578 1374 710 1410 intueri
730 1386 867 1421 aquam
887 1375 1058 1418 viridem,
1074 1382 1111 1410 et
1132 1376 1373 1420 submergere
1392 1378 1521 1411 oculos

35 1432 72 1468 in
109 1432 200 1479 ipsa.
261 1433 357 1468 Item
392 1432 496 1476 dixit,
536 1434 750 1469 exercitatio
790 1434 938 1479 legendi
979 1434 1104 1470 literas
1144 1435 1354 1470 mediocres
1395 1435 1517 1470 visum

33 1492 258 1541 corroborat,
285 1500 322 1528 et
355 1494 545 1528 oculorum
576 1493 776 1529 sanitatem
806 1492 995 1529 custodit.’
1050 1495 1197 1537 Mesue,
1228 1494 1272 1528 de
1306 1495 1521 1540 egritudine

35 1550 240 1586 oculorum.
1184 1600 1186 1602 v

75 1608 205 1653 Razis,
225 1609 280 1644 ad
299 1610 578 1652 Almansorem,
598 1616 641 1645 tr.
661 1610 708 1652 iv,
729 1621 761 1644 c.
779 1620 838 1655 22,
859 1611 927 1645 has
951 1611 1014 1645 the
1038 1610 1249 1655 following:
1277 1611 1285 1627 ‘
1299 1610 1370 1656 Qui
1395 1612 1520 1646 oculo—

34 1671 115 1702 rum
129 1668 258 1703 volunt
277 1667 478 1703 sanitatem
498 1667 684 1704 custodire
698 1680 720 1703 a
734 1669 812 1704 sole
831 1669 950 1704 estivo
972 1675 1008 1703 et
1028 1670 1179 1713 pulvere
1197 1675 1310 1714 atque
1330 1669 1430 1704 fumo
1449 1669 1518 1704 sibi

34 1737 166 1762 cavere
184 1726 334 1762 debent.
388 1727 448 1761 Ne
467 1726 581 1761 etiarn
600 1726 743 1762 colores
767 1727 872 1763 albos
893 1728 948 1762 vel
968 1727 1117 1762 radiosa
1138 1739 1215 1762 sem
1224 1739 1288 1772 per
1321 1727 1523 1773 inspiciant

33 1785 141 1820 valde
167 1785 366 1820 observare
392 1784 552 1820 debent:
592 1796 636 1820 ac
666 1796 712 1820 ne
744 1797 855 1820 unam
888 1797 966 1820 rem
997 1785 1091 1820 sicut
1120 1786 1340 1830 pavefactus
1371 1797 1520 1831 semper

34 1843 221 1879 intueatur
254 1854 386 1879 cavere
424 1843 574 1880 debent.
637 1843 799 1878 Litteras
843 1854 1003 1889 quoque,
1038 1844 1097 1878 vel
1139 1844 1293 1879 subtiles
1336 1845 1518 1879 sculturas

33 1913 271 1948 nequaquam
297 1901 494 1947 aspiciant.
545 1903 578 1935 A
604 1901 721 1936 multo
747 1908 916 1946 preterea
940 1901 1028 1936 fletu
1053 1908 1088 1936 et
1114 1913 1136 1936 a
1160 1903 1272 1946 longo
1295 1901 1519 1938 dormitione

34 1968 119 2007 post
144 1960 413 1996 comestionem
432 1960 587 1995 omnino
609 1967 665 1995 est
684 1961 960 2002 abstinendum,
981 1971 1103 2005 neque
1127 1959 1192 1995 diu
1216 1966 1274 1996 est
1297 1961 1518 1996 morandum

34 2019 72 2055 in
98 2021 180 2055 loco
207 2020 270 2054 ubi
296 2018 450 2064 frigidus
477 2019 609 2064 perflat
635 2026 778 2054 ventus.
829 2020 864 2053 A
889 2018 983 2054 cibis
1010 2018 1123 2053 etiam
1151 2019 1259 2054 valde
1285 2019 1404 2062 siccis,
1425 2020 1519 2055 sicut

33 2085 119 2114 sunt
142 2079 263 2114 lentes
282 2085 318 2114 et
341 2090 399 2113 res
424 2078 542 2113 salse:
570 2084 681 2123 atque
699 2077 883 2123 frequenti
908 2077 1009 2112 coitu
1033 2077 1187 2112 omnino
1212 2088 1344 2112 cavere
1367 2078 1517 2114 debent.

34 2165 42 2173 .
62 2163 71 2172 .
93 2164 101 2171 .
120 2138 190 2173 Est
212 2144 381 2183 preterea
401 2137 447 2171 de
474 2147 602 2171 eorum
626 2138 782 2171 nu'tnero
804 2147 874 2182 que
896 2136 1023 2171 oculos
1048 2143 1200 2180 acuunt,
1220 2148 1357 2182 aquam
1380 2136 1517 2172 intrare

32 2197 185 2239 claram,
205 2202 316 2241 atque
341 2206 407 2240 per
425 2206 602 2238 magnum
628 2194 795 2239 spacium
815 2194 940 2229 oculos
964 2194 1001 2229 in
1025 2205 1072 2229 ea
1097 2201 1245 2239 apertos
1268 2201 1416 2230 tenere:
1447 2196 1517 2230 hoc

32 2254 133 2290 enirn
158 2265 223 2289 eos
252 2255 372 2289 claros
400 2253 488 2288 facit
518 2260 555 2288 et
590 2252 745 2297 rigidos.
798 2252 1016 2288 Multotiens
1051 2264 1199 2299 quoque
1230 2253 1516 2288 corroborantur

31 2313 151 2349 oculi:
185 2324 270 2348 cum
294 2312 428 2359 aliquis
451 2312 585 2347 librum
612 2311 743 2357 incipit
767 2311 935 2357 aspicere
961 2311 1064 2356 cujus
1090 2311 1194 2346 litere
1218 2322 1294 2346 non
1319 2318 1404 2346 sunt
1430 2312 1515 2347 sub'-

31 2372 127 2416 tiles,
147 2378 184 2407 et
201 2371 394 2406 intendere
413 2370 554 2416 ceperit
573 2369 662 2415 quid
682 2369 718 2404 in
738 2381 781 2404 eo
801 2369 847 2404 sit
866 2369 923 2404 vel
942 2369 1032 2414 quid
1056 2369 1103 2404 sit
1128 2369 1165 2404 in
1184 2369 1349 2414 picturis.
1402 2370 1515 2414 Quod

31 2438 153 2466 autem
172 2437 369 2465 conservat
388 2430 586 2464 sanitatem
606 2436 642 2463 et
658 2429 870 2472 absterget:
899 2427 1021 2463 tuthia
1045 2434 1100 2462 est
1119 2439 1202 2462 curn
1227 2439 1338 2463 succo
1364 2428 1513 2463 sansuci

30 2489 212 2525 confecta.
264 2489 357 2523 Sunt
376 2495 501 2522 autem
521 2487 568 2521 de
587 2487 644 2522 his
663 2498 734 2532 que
748 2487 875 2521 oculos
893 2486 1123 2530 abstergunt,
1139 2492 1178 2521 ut
1191 2485 1351 2521 recentis
1364 2486 1513 2522 feniculi

30 2558 165 2582 succus
187 2546 224 2581 in
243 2545 358 2581 oculis
378 2552 551 2591 ponatur,
571 2545 628 2579 vel
647 2544 827 2579 collirium
847 2544 893 2578 de
913 2543 1020 2578 malis
1036 2543 1227 2588 granatis.’

79 2603 208 2641 8619‘22
225 2617 288 2640 are
311 2604 423 2639 taken
445 2604 540 2638 from
564 2603 686 2644 Razis,
706 2614 765 2648 op.
785 2602 857 2645 cit„
876 2609 920 2636 tr.
940 2602 975 2646 ii,
996 2614 1026 2638 c.
1047 2603 1114 2637 28:
1139 2604 1152 2634 .‘
1167 2603 1284 2648 Cujus
1308 2603 1403 2637 oculi
1429 2610 1514 2638 sunt

31 2663 155 2709 magni
179 2664 284 2709 piger
307 2669 372 2697 est.
425 2662 540 2707 Cujus
565 2673 712 2707 quoque
732 2660 828 2696 oculi
852 2660 888 2695 in
908 2660 1090 2706 profundo
1109 2667 1193 2695 sunt
1215 2659 1336 2706 positi,
1356 2661 1512 2696 callidus

29 2730 85 2759 est
112 2729 148 2757 et
174 2722 364 2766 deceptor.
417 2721 532 2765 Cujus
563 2721 658 2755 oculi
694 2720 783 2754 foris
819 2719 1044 2764 prominent,
1073 2719 1344 2755 inverecundus
1378 2726 1447 2764 est,
1475 2726 1512 2755 et

30 2783 164 2829 loquax
181 2787 217 2816 et
236 2778 418 2815 stolidus.'

98 2852 160 2875 15⁹0
759 2845 789 2877 T
