1908 3126
772 113 850 156 153

70 214 357 270 familiariter)
382 216 595 270 promitte
624 216 686 257 eis
717 216 903 256 donaria
933 222 977 257 ct
1002 216 1206 266 honores,
1231 223 1273 256 et
1301 215 1421 256 solve
1447 228 1547 268 pro-

71 299 213 328 missa.

129 355 249 398 Scias
285 354 424 395 eciam
460 355 578 407 quod
616 367 705 395 non
741 361 916 407 oportet
951 361 995 395 te
1030 355 1071 394 in
1104 354 1323 395 excercitu
1358 352 1547 394 incidere
1569 360 1724 392 ¹=e111wa>1<

70 425 151 467 nisi
175 430 376 478 togatum
401 423 470 465 vel
492 424 741 475 loricatum,
764 425 823 465 ita
844 425 963 477 quod
988 424 1022 464 si
1045 423 1191 465 subito
1217 423 1443 464 inveniaris
1467 423 1548 463 sub
1565 394 1670 422 'med'

35 516 52 548 5
72 495 245 536 inimico
267 500 477 547 querente
503 500 561 537 te.
626 494 692 536 Sit
715 501 809 535 tota
839 494 1090 534 sollicitudo
1120 501 1196 534 tua
1217 492 1286 533 vel
1310 493 1548 547 prudencia

71 565 112 605 in
133 562 464 617 premunicione
486 563 550 603 tui
574 563 722 617 ipsius,
741 563 917 612 scilicet,
942 564 982 603 in
1006 563 1138 603 armis
1162 569 1204 603 et
1227 562 1483 603 custodibus
1506 567 1549 602 et

71 631 438 687 exploratoribus.
513 631 573 673 Et
611 633 858 674 necessaria
897 640 963 674 est
1000 632 1230 686 vigilancia
1267 632 1309 671 in
1348 630 1547 684 quolibet
1566 644 1733 670 andonme

69 710 266 756 tempore
298 702 439 742 noctis
471 708 513 742 et
547 702 644 742 diei.
711 702 769 742 Et
803 702 893 742 noli
932 702 1220 742 castramctiri
1255 701 1333 741 nisi
1371 701 1412 740 in
1452 679 1667 741 locowmch'

70 772 211 814 vicino
244 771 386 812 monti
418 770 488 812 vel
521 771 758 824 conjuncto
791 773 829 812 ei
861 772 928 812 vel
964 771 1097 824 juxta
1130 771 1267 825 aquis.
1334 771 1392 811 Et
1428 771 1837 817 defereampnearwater.

17 860 54 883 ιο
69 841 274 884 victualia
297 847 443 883 tecum
475 840 614 882 multa
637 842 840 894 quamvis
871 855 957 882 non
991 842 1188 895 indigeas
1222 840 1421 882 totidem.
1488 840 1547 880 Et

71 910 313 965 multiplica
328 911 553 953 machinas
567 911 926 961 discurrentes,et
941 925 1070 952 voces
1086 909 1544 963 hor1·ibiles‚quoniam
1568 918 1702 965 Frighffep
1716 927 1787 951 your

70 981 149 1023 hec
171 987 272 1022 sunt
293 980 509 1022 fortitudo
532 989 575 1022 et
596 981 734 1022 virtus
761 995 911 1022 eorum
942 981 1016 1034 qui
1044 987 1190 1021 tecum
1220 986 1322 1020 sunt
1349 985 1392 1019 et
1419 979 1547 1019 dura·
1565 961 1698 978 mmm

69 1050 216 1092 bilitas
239 1051 296 1091 ad
312 1050 324 1074 ¹
348 1064 502 1091 eorum
535 1050 539 1106 Ι
567 1052 917 1104 propositum‚et
939 1052 1072 1091 timor
1093 1063 1144 1090 ac
1167 1049 1322 1090 divisio
1347 1047 1545 1088 inimicis.
1571 1051 1629 1083 116
1646 1062 1676 1083 a.

72 1120 130 1161 Et
163 1127 286 1161 utere
318 1121 360 1161 in
399 1121 486 1161 tuis
523 1121 777 1175 proceribus
812 1121 992 1161 diversis
1027 1119 1262 1173 generibus
1296 1131 1545 1158 armorum:
1568 1127 1817 1155 Usenllkindsof

0 1209 51 1240 *¹5
69 1190 248 1243 quidam
278 1197 454 1232 tantum
484 1197 663 1233 utantur
693 1190 978 1232 missibilibus
1007 1198 1049 1231 et
1073 1188 1246 1242 sagittis
1271 1187 1479 1241 (quidam
1504 1187 1546 1227 in
1565 1171 1647 1188 ‘mm'

69 1259 159 1301 acie
187 1265 231 1299 et
258 1258 300 1299 in
329 1259 473 1308 turba,
502 1260 576 1301 alii
605 1274 710 1301 vero
739 1260 967 1314 deputati>
1000 1260 1056 1301 ad
1077 1258 1422 1300 discurrendum.
1488 1255 1546 1295 Et

69 1330 247 1382 quando
268 1331 432 1371 venerit
455 1330 571 1371 acies
594 1331 650 1371 ad
676 1330 966 1384 preliandum,
991 1329 1117 1369 mitte
1147 1341 1246 1368 cum
1273 1326 1335 1367 eis
1359 1324 1545 1366 formam

69 1399 437 1452 speciosissimam
462 1407 505 1441 et
527 1406 667 1441 turres
689 1399 856 1453 ligneas
880 1399 921 1439 in
943 1398 1102 1453 quibus
1125 1398 1211 1439 sint
1234 1395 1391 1437 armati
1415 1395 1547 1448 sagit-

70 1467 166 1508 tarii
191 1467 419 1510 mittentes
438 1470 667 1511 missibilia
685 1469 900 1511 ardencia.
947 1469 1005 1509 Et
1024 1469 1059 1510 si
1077 1467 1239 1509 videris
1257 1480 1331 1507 eos
1353 1465 1548 1518 trepidos

16 1528 54 1579 26
69 1536 137 1577 vel
160 1537 428 1590 deficientes,
451 1539 663 1581 confirma
693 1540 827 1580 corda
859 1552 1011 1580 eorum
1042 1544 1084 1579 et
1116 1537 1296 1577 inducas
1325 1535 1379 1575 ad
1405 1547 1546 1588 perse·

70 1607 331 1649 veranciam.

131 1677 260 1728 Item,
283 1678 439 1719 ordina
468 1680 583 1720 acies
612 1686 711 1721 tuas
737 1679 850 1720 sicut
877 1678 1156 1732 premisimus
1184 1682 1228 1716 et
1258 1682 1305 1716 ut
1328 1680 1547 1727 sequetur.
1567 1679 1771 1740 greg-cleros

73 1745 303 1788 Constitue
335 1762 441 1802 ergo
471 1750 528 1790 ad
558 1749 789 1790 dexteram
821 1762 959 1802 genus
986 1746 1332 1801 percuciencium
1357 1751 1399 1785 et
1427 1757 1548 1797 agre—

71 1815 305 1868 diencium,
328 1819 381 1858 ad
407 1818 631 1860 sinistrum
654 1833 756 1860 vero
786 1832 922 1872 genus
951 1818 1262 1865 lanceatorum,
1285 1822 1327 1855 et
1351 1814 1393 1854 in
1415 1812 1547 1854 corde

15 1905 52 1937 25
72 1898 146 1926 seu
171 1887 213 1926 in
238 1887 384 1928 medio
405 1902 545 1942 genus
569 1889 845 1930 mittencium
869 1888 984 1929 faces
1010 1889 1215 1928 ardentes
1239 1892 1282 1926 et
1301 1883 1545 1937 jacencium

71 1957 473 2010 seusagittancium
492 1964 535 1999 et
551 1959 811 1999 sonancium
830 1972 960 1999 voces
979 1955 1206 1997 horribiles
1225 1961 1269 1995 et
1287 1953 1546 1994 facieucium

73 2031 220 2066 motus
241 2026 449 2069 diversos.
504 2028 565 2069 Et
587 2028 643 2068 sit
665 2042 840 2082 semper
860 2026 1186 2082 supereminens
1209 2024 1329 2064 locus
1349 2022 1423 2063 ubi
1445 2033 1545 2062 cum
1567 2025 1708 2086 ffiffiffle
1723 2025 1823 2057 hisher

71 2094 328 2136 adversariis
370 2096 648 2150 preliaberis:
697 2098 777 2151 ipsi
814 2110 918 2138 vero
959 2095 1138 2149 quando
1181 2092 1423 2147 percipient
1466 2091 1549 2131 hoc
1567 2082 1583 2093 δ

73 2163 311 2215 instabunt,
333 2173 377 2207 et
399 2180 499 2207 cum
522 2167 733 2208 instancia
756 2166 1042 2208 conabuntur.

13 2251 56 2283 30
133 2234 252 2276 Cave
284 2249 389 2290 ergo
421 2244 527 2279 tunc
559 2237 879 2292 prodicionem‚
902 2242 944 2277 et
975 2235 1176 2288 precipue
1199 2240 1302 2274 tunc
1326 2245 1425 2273 cum
1448 2238 1547 2271 tuos
1565 2231 1725 2292 nggssffi‘

74 2304 229 2346 videris
257 2306 529 2348 vacillantes.
595 2308 653 2348 Et
686 2308 744 2348 ad
771 2306 890 2347 illam
922 2312 1092 2360 partem
1122 2316 1253 2357 quam
1284 2302 1443 2342 videris
1472 2299 1478 2354 1
1506 2300 1547 2340 in
1571 2308 1631 2338 116
1651 2309 1679 2337 l),

74 2374 334 2417 adversariis
375 2376 669 2425 vacillantem,
714 2390 864 2418 versus
906 2375 1025 2415 illam
1069 2373 1210 2425 dirige
1251 2370 1368 2412 acies
1417 2377 1550 2423 atque

74 2443 252 2493 bellum,
290 2453 333 2487 et
376 2459 474 2487 cum
518 2448 724 2488 omnibus
766 2446 850 2486 hiis
891 2443 1266 2499 perseveranciam
1311 2441 1548 2494 frequenta,

74 2513 175 2566 quia
203 2514 288 2556 hoc
317 2522 385 2557 est
414 2516 470 2557 de
501 2516 790 2570 originalibus
820 2514 1014 2556 victorie.
1080 2512 1213 2554 Unde
1239 2510 1398 2551 dicitur
1426 2509 1546 2563 quod
1567 2525 1791 2591 fflssssssffiifsssssffss'

13 2597 54 2630 35
75 2583 259 2625 victoria
280 2598 368 2625 non
391 2586 594 2640 provenit
622 2586 676 2627 de
698 2585 934 2638 aliquibus,
957 2583 1037 2624 nisi
1062 2582 1180 2635 prius
1208 2580 1440 2622 vincantur
1468 2593 1548 2633 pu-
1568 2595 1635 2626 they
1648 2602 1694 2619 are
1708 2591 1807 2618 afraid.

33 2696 44 2706 ·
75 2648 375 2695 sillanimitate
417 2655 614 2696 cordium
653 2656 694 2695 in
737 2653 997 2707 semetipsiS‚
1034 2660 1076 2693 et
1114 2664 1191 2704 per
1234 2650 1548 2703 ingressionem

72 2748 73 2751 ’
123 2738 138 2759 ‘¹
165 2740 287 2785 aliter,
308 2753 365 2778 ac.
