1908 3126
0 0 18 67 n

769 126 785 153 Ι
794 127 849 168 43

126 231 568 288 Quintumdecimum
611 228 731 281 quod
775 228 832 267 sit
877 227 933 268 de
974 240 1156 267 numero
1195 240 1280 267 non
1324 227 1836 280 utencium<151keepingopen

67 305 214 346 vinum
247 308 290 344 et
321 300 403 342 alia
430 298 606 346 xennia,
627 303 671 339 et
703 298 758 339 sit
791 298 910 338 curia
941 310 1018 338 sua
1050 303 1207 351 patens
1238 297 1443 337 omnibus
1473 298 1549 339 acl·
1569 283 1816 302 mmmmm*

68 373 353 421 venientibus,
380 377 424 411 et
457 369 576 423 quod
610 368 667 409 sit
701 368 934 408 intendens
967 367 1021 407 ad
1055 366 1377 420 explorandum
1411 373 1455 407 et
1488 367 1550 407 in-

70 443 327 499 quirendum
347 454 461 482 nova
478 440 534 481 de
552 439 767 487 omnibus,
783 438 1034 479 confortans
1050 438 1250 479 subditos
1267 445 1311 478 et
1330 437 1553 491 'corrigens

30 531 48 562 5
69 528 201 571 opera
232 513 442 567 ipsorum,
475 509 745 551 consolando
779 522 855 549 eos
887 509 929 549 in
967 507 1317 557 adversitatibus,
1351 508 1552 549 deferens

68 585 333 640 quandoque
355 588 400 623 et
422 580 632 622 tollerans
656 579 832 620 illorum
857 578 1198 631 simplicitatem.

125 706 193 747 De
215 704 391 746 naturis
411 709 453 743 cl
471 700 790 743 condicionibus
811 699 1011 741 llcnm'm's.
1790 685 1838 736 D

128 793 250 836 Scias
283 805 388 846 ergo
420 789 539 844 quod
573 801 660 829 non
698 788 862 828 creavit
900 788 1022 827 Deus
1058 785 1272 841 gloriosus
1304 794 1551 828 creaturam
1573 789 1642 826 {1³⁸¹
1658 788 1749 815 unite*
1764 789 1790 815 in

1571 823 1732 849 luniselfall
1747 824 1794 849 the

68 863 376 920 sapientiorem
398 860 589 908 homine,
612 865 656 900 et
686 870 773 898 non
797 856 962 909 colligit
989 856 1031 897 in
1059 856 1205 910 aliquo
1228 856 1406 897 animali
1430 857 1552 909 quod
1570 857 1747 916 ξξζζῇξξξξέοῑ

8 946 50 967 =¹0
69 937 111 977 in
144 948 196 976 eo
227 931 415 985 collegit.
479 929 539 969 Et
571 941 658 969 non
688 934 815 982 potes
837 926 1024 980 reperire
1053 927 1095 966 in
1121 926 1269 979 aliquo
1300 909 1578 967 animalium⁸

69 1002 431 1047 consuetudinem
461 999 528 1040 vel
561 1012 729 1039 morem
763 1011 895 1049 quem
931 1010 1017 1037 non
1051 997 1247 1037 invenies
1280 997 1322 1036 in
1357 996 1551 1037 homine.

71 1074 293 1130 Quoniam
311 1071 461 1113 audax
479 1076 546 1111 est
568 1075 616 1109 ut
632 1068 712 1117 leo,
729 1067 913 1108 timidus
932 1074 978 1108 ut
1001 1067 1137 1121 lepus,
1156 1066 1304 1119 largus
1323 1072 1371 1106 ut
1397 1065 1553 1120 gallus,
1572 1071 1636 1103 50¹1,
1654 1072 1729 1098 hare·
1746 1074 1824 1099 cvck.

69 1158 224 1187 avarus
257 1150 305 1184 ut
338 1142 478 1195 lupus,
509 1139 745 1180 iracundus
782 1143 829 1177 ut
862 1137 994 1183 canis,
1028 1137 1161 1176 durus
1194 1143 1237 1176 et
1273 1136 1479 1177 hastutus
1507 1142 1554 1176 ut
1574 1140 1822 1174 wolfidos-croxv,

71 1229 233 1265 corvus,
255 1214 390 1255 durus
407 1218 452 1253 et
474 1217 675 1251 austerus
693 1214 740 1249 ut
764 1220 931 1253 cervus,
951 1207 1048 1260 pius
1067 1213 1115 1247 ut
1138 1214 1290 1247 turtur.
1310 1205 1555 1247 maliciosus
1574 1209 1648 1236 deer—
1664 1210 1843 1237 tumst-dow-

3 1299 52 1333 5¹5
72 1294 118 1329 ut
150 1286 286 1332 leena,
308 1282 504 1337 privatus
537 1286 580 1321 et
613 1278 883 1320 domesticus
916 1283 963 1317 ut
996 1276 1215 1326 columba,
1237 1275 1481 1329 versipellis
1512 1283 1555 1317 et
1574 1276 1844 1308 ²¹0¹²0⁵⁵‘⁹³0*‘evs0x-

3 1374 7 1393 ÷
72 1356 246 1399 dolosus
268 1361 316 1395 ut
337 1351 497 1407 vulpis,
519 1349 712 1403 simplex
736 1355 780 1390 et
809 1348 928 1389 mitis
954 1355 1001 1388 ut
1027 1360 1179 1401 agnus,
1202 1346 1331 1387 velox
1357 1353 1399 1387 et
1428 1346 1555 1399 agilis
1576 1346 1732 1377 ¹=¹¹¹¹¹‘=¹<i2¹»

72 1434 119 1470 ut
150 1424 364 1479 capriolus
395 1421 466 1464 vel
498 1418 763 1468 hinniculus,
793 1418 946 1459 tardus
979 1425 1022 1458 et
1056 1416 1181 1471 piger
1214 1423 1262 1457 ut
1297 1430 1432 1467 ursus,
1460 1430 1554 1469 pre·
1576 1421 1650 1449 bear-

3 1511 5 1533 ¹
71 1497 215 1540 ciosus
237 1501 282 1536 et
303 1506 428 1535 carus
447 1497 493 1533 ut
517 1489 708 1544 elephas,
730 1489 829 1529 vilis
858 1494 902 1529 et
924 1487 1110 1528 stolidus
1134 1492 1182 1527 ut
1204 1487 1362 1535 asinus,
1383 1486 1556 1527 rebellis
1574 1495 1717 1527 elephant.
1733 1507 1785 1524 ιω.

1 1584 5 1613 ι
73 1574 116 1610 et
138 1579 297 1622 parvus
315 1563 329 1587 ¹
355 1569 401 1605 ut
431 1558 437 1617 Ι
465 1575 541 1603 rex
564 1560 631 1601 vel
657 1559 845 1614 regulus,
869 1558 1081 1599 obediens
1099 1563 1143 1598 et
1165 1556 1345 1597 humilis
1363 1563 1409 1596 ut
1430 1571 1555 1610 pavo,
1580 1578 1639 1608 108
1658 1578 1689 1608 b.

1 1630 54 1707 ,ιο
74 1638 219 1680 fatuus
244 1642 294 1677 ut
322 1631 516 1682 strucio‚2
543 1630 660 1672 utilis
694 1637 741 1670 ut
773 1629 883 1683 apiS‚
915 1627 1155 1669 dissolutus
1191 1634 1233 1667 et
1268 1627 1558 1681 vagabundus
1578 1641 1807 1678 meitpeaeock.

0 1713 5 1751 ί
75 1714 124 1750 ut
149 1719 276 1760 caper
299 1704 383 1758 (vel
410 1700 545 1757 aper),
570 1700 811 1741 indomitus
837 1698 950 1739 sicut
982 1703 1147 1747 taurus,
1172 1703 1318 1738 mutus
1342 1704 1389 1739 ut
1418 1698 1559 1750 piscis,
1577 1675 1806 1755 ἒῗζζωζῃὶῖῑῗώ

74 1775 354 1819 racionabilis
385 1780 434 1815 ut
465 1771 662 1825 angelus,
682 1769 934 1810 luxuriosus
966 1773 1013 1809 ut
1046 1780 1217 1822 porcus,
1242 1767 1490 1809 maliciosus
1514 1774 1560 1808 ut
1578 1747 1820 1810 {ecl-iigowi'.

75 1848 207 1895 bubo,
231 1845 345 1887 utilis
377 1843 491 1884 sicut
522 1854 671 1894 equus,
706 1840 884 1880 nocivus
916 1846 965 1880 ut
997 1852 1105 1879 mus.
1170 1837 1230 1877 Et
1263 1838 1561 1878 universaliter
1579 1849 1670 1875 horse.
1685 1858 1789 1874 mmm.

76 1931 164 1960 non
196 1915 411 1971 reperitur
441 1910 606 1954 animal
639 1909 820 1963 aliquod
854 1922 929 1950 seu
962 1907 1212 1962 vegetabile
1244 1920 1319 1947 seu
1354 1907 1561 1962 originale

18 2004 56 2036 25
74 1988 141 2031 vel
162 1985 380 2033 minerale,
399 1997 476 2025 nec
500 1981 639 2023 celum
664 1981 755 2021 sive
778 1979 955 2034 planeta
977 1992 1056 2019 nec
1081 1977 1266 2031 signum,
1283 1990 1362 2018 nec
1384 1977 1556 2030 aliquod

75 2072 151 2101 ens
172 2057 228 2099 de
249 2054 456 2098 omnibus
477 2052 666 2101 entibus,
689 2050 859 2092 habens
880 2048 1044 2103 aliquid
1070 2047 1307 2103 proprium,
1329 2048 1434 2100 quin
1458 2047 1558 2088 illud

1580 2107 1627 2133 He
1653 2106 1675 2132 is
1700 2117 1716 2132 ,ι
1743 2106 1839 2133 ,nm-0.

78 2127 304 2183 proprium
329 2124 574 2166 inveniatur
603 2121 645 2162 in
673 2120 876 2162 homine:
911 2126 953 2160 et
984 2126 1164 2173 propter
1186 2116 1268 2157 hoc
1290 2123 1471 2158 vocatus
1494 2123 1560 2159 est
1578 2150 1662 2167 cosm·

79 2198 219 2240 minor
245 2195 451 2236 mundus.

132 2352 143 2372 ¹
171 2351 294 2398 aliter,
317 2361 471 2400 pravus.

18 2419 60 2452 30
132 2408 145 2428 ²
175 2406 269 2456 quia
296 2416 452 2455 ponens
482 2414 557 2440 ova
577 2412 648 2438 sua
670 2403 709 2440 in
740 2400 901 2451 pulvere
922 2394 1168 2436 obliviscitur
1189 2406 1234 2433 ea
1255 2393 1489 2443 aspiciendo
1509 2395 1560 2433 ad

77 2462 231 2501 stellam
270 2459 474 2510 quandam
507 2456 548 2494 in
586 2457 686 2503 celo,
726 2464 765 2494 et
803 2461 942 2503 postea
980 2463 1071 2489 cum
1107 2462 1153 2488 ea
1183 2447 1333 2487 invenit
1372 2449 1495 2487 fracta
1525 2457 1563 2486 et

78 2516 311 2556 conculcata
330 2511 502 2564 pedibus
522 2511 766 2556 animalium,
791 2509 900 2548 dolet
921 2514 959 2545 et
980 2507 1086 2554 luget
1109 2504 1291 2541 multum.

53 2669 63 2680 .
125 2659 141 2687 7
167 2647 322 2687 Chapter
339 2646 404 2677 ciii.
427 2644 463 2676 V.

131 2781 144 2802 1
171 2781 239 2801 non
257 2766 446 2807 utencium]
464 2766 674 2798 mittencium
696 2764 768 2795 MS.
