1908 3126
1040 61 1119 101 106

221 176 260 207 82
280 177 312 209 b.
336 178 379 212 et
407 172 466 213 ibi
500 174 673 215 ostendi
706 189 855 216 earum
890 178 1207 232 proprietatem
1241 177 1488 219 mirabilem
1522 190 1599 232 per
1631 188 1818 230 quorum

335 256 461 284 usum
480 251 688 286 curantur
705 259 730 287 a
748 247 930 287 diversis
952 246 1209 302 langoribus
1232 254 1276 289 et
1298 248 1521 301 gravibus,
1538 252 1582 288 et
1605 246 1819 288 utilitates

335 322 635 368 consequntur
675 315 921 358 laudabiles
966 324 1057 359 tam
1097 318 1140 358 in
1179 318 1327 359 anima
1368 331 1503 372 quam
1542 318 1586 358 in
1623 330 1819 370 corpore,

334 385 544 438 quoniam
571 391 722 427 eoru‘m
746 388 1013 430 decorantur
1039 401 1225 443 corpora
1254 388 1549 444 pulcritudine
1568 377 1752 442 juvenili
1775 392 1820 427 et

334 462 612 506 renovantur,
643 456 895 499 intellectus
927 464 970 500 et
1004 459 1220 500 memoria
1251 459 1557 510 clarificantur,
1583 457 1687 512 quia
1716 470 1819 499 con·
1840 475 1862 507 5
1902 473 1908 485 ⁴

335 524 501 567 fortant
533 526 718 568 virtutes
752 534 796 568 et
829 542 994 579 sensus,
1025 535 1068 570 et
1102 543 1177 570 eos
1210 529 1467 571 debilitatos
1500 543 1559 570 ex
1590 533 1817 569 senectute

334 602 537 649 reparant
564 604 608 638 et
631 597 841 649 relevant,
864 598 966 641 ideo
994 599 1064 639 hic
1092 599 1280 641 scribam
1314 599 1505 641 breviter
1534 600 1587 641 de
1619 605 1820 652 tempore

333 666 555 720 capcionis
601 681 754 710 eorum
803 675 847 710 et
886 670 942 711 de
984 670 1119 724 signis
1158 670 1347 725 eligendi
1393 670 1548 720 bonos,
1595 675 1639 710 et
1688 668 1821 709 modo

334 738 663 792 preparacionis
699 745 743 780 et
776 741 1133 791 conservacionis,
1168 747 1211 783 et
1243 741 1411 795 aliquid
1446 741 1503 782 de
1540 738 1819 795 proprietati·
1895 787 1899 790 γ

335 806 429 857 bus,
452 809 556 862 quia
584 809 687 851 nolo
711 811 831 864 quod
856 811 972 853 istud
996 818 1041 853 te
1064 812 1200 853 lateat
1229 812 1335 866 quin
1358 812 1470 853 scias
1494 811 1552 853 ad
1575 810 1767 865 plenum.
1842 799 1908 861 10⁵7

393 877 691 932 Accipiantur
713 881 862 934 vipere
891 895 992 922 cum
1027 888 1091 923 est
1121 881 1219 923 finis
1241 882 1354 923 veris
1375 888 1418 924 et
1442 881 1595 935 incipit
1621 886 1752 929 estas,
1775 885 1819 920 et
1890 897 1908 952 {i

334 947 369 989 si
409 947 539 990 fuerit
576 965 652 992 ver
685 951 892 1005 hyemale
929 953 1213 994 dimittantur
1254 966 1486 1007 usquoque
1526 955 1821 1010 consequatur
1861 961 1908 1012 ‘5-

43 1022 306 1091 ffieesssrrffgignkffid:
336 1020 603 1075 principium
625 1023 792 1065 estatis.
842 1023 903 1065 Et
925 1031 1026 1065 sunt
1049 1024 1198 1078 vipere
1220 1023 1403 1077 quidam
1426 1028 1652 1077 serpentes
1675 1021 1821 1076 capita
1895 1022 1900 1027 ’

335 1089 550 1132 habentes
574 1092 719 1146 plana,
742 1107 829 1146 que
851 1101 953 1136 sunt
975 1093 1066 1135 lata
1098 1095 1275 1148 proprie
1297 1093 1414 1148 apud
1438 1091 1820 1148 propinquitatem
1890 1141 1902 1148 P

335 1160 448 1211 colli,
466 1162 636 1214 minuti,
656 1163 839 1206 subtiles
861 1165 1002 1216 valde,
1026 1179 1214 1219 quorum
1238 1165 1378 1206 caude
1400 1169 1501 1205 sunt
1523 1169 1645 1204 curte
1661 1162 1818 1216 strepi·
1843 1151 1908 1219 155¹]

334 1238 430 1272 tum
466 1231 675 1275 facientes
697 1242 740 1276 et
762 1237 958 1278 sonitum
983 1237 1025 1277 in
1053 1237 1235 1278 incessu.
1299 1235 1358 1277 Et
1386 1235 1478 1277 istis
1505 1233 1702 1276 trociscis
1730 1245 1819 1274 non

44 344 91 370 the
106 353 169 372 uses
184 344 215 372 of
226 345 256 371 it.

43 872 136 900 When
150 878 179 900 to
192 873 275 900 catch

43 907 91 934 the
105 907 207 941 vipers.

1891 1090 1908 1123 q:

41 1306 149 1336 0010111·
333 1304 601 1345 conveniunt
633 1319 787 1347 omnes
814 1307 979 1361 vipere,
1007 1307 1144 1348 immo
1177 1306 1301 1357 flave,
1329 1313 1372 1347 et
1400 1306 1456 1347 de
1487 1304 1613 1346 flavis
1641 1302 1815 1345 femine.

335 1372 394 1414 Et
417 1387 569 1414 earum
598 1375 775 1428 signum
803 1383 868 1417 est
896 1378 1016 1431 quod
1045 1377 1226 1419 masculi
1258 1377 1300 1417 in
1334 1376 1455 1418 omni
1489 1374 1625 1416 latere
1654 1373 1818 1415 habent

43 1449 128 1475 teeth.
335 1455 468 1484 unum
503 1444 683 1486 dentem
715 1453 759 1488 et
793 1446 951 1488 femine
981 1438 1127 1502 plures
1158 1461 1257 1489 uno.
1326 1447 1386 1487 Et
1424 1451 1600 1501 oportet
1633 1451 1682 1485 ut
1713 1443 1817 1485 alie·
1886 1498 1894 1508 ,

334 1521 494 1555 nentur
523 1523 705 1557 cornute
738 1527 781 1557 et
813 1518 933 1559 varie
964 1525 1007 1559 et
1034 1518 1210 1572 aspides
1241 1516 1434 1559 declines
1465 1516 1522 1558 ad
1552 1514 1819 1557 albedinem.
1841 1504 1887 1549 26

42 1574 255 1636 {Xffi‘ssfiffifO
334 1584 393 1625 Et
412 1598 499 1625 non
519 1587 749 1639 capiantur
775 1602 833 1629 ex
857 1589 1037 1643 piscinis
1052 1589 1122 1630 vel
1141 1588 1344 1630 litoribus
1367 1586 1600 1628 fluviorum
1624 1592 1669 1628 et
1683 1599 1818 1640 aqua-

335 1669 429 1696 rum
452 1656 520 1697 vel
548 1658 746 1709 marium,
769 1659 837 1700 vel
867 1660 922 1700 de
952 1659 1150 1714 petrosis,
1173 1659 1381 1713 quoniam
1409 1658 1450 1698 in
1478 1657 1538 1699 eis
1563 1663 1664 1698 sunt
1689 1669 1817 1710 quer-

226 1734 266 1772 83
284 1744 313 1764 a.
334 1726 441 1777 cine,
466 1726 676 1770 facientes
704 1726 710 1785 Ι
737 1730 871 1779 sitim,
894 1731 1031 1771 immo
1054 1731 1283 1784 capiantur
1305 1730 1346 1770 in
1369 1728 1467 1770 loco
1490 1727 1733 1783 longinquo
1761 1727 1818 1769 ab

43 1791 243 1854 {gffiffoffsstff
334 1796 672 1840 humorositate.
749 1801 810 1842 Et
852 1814 941 1842 non
983 1801 1214 1854 capiantur
1266 1800 1339 1840 ille
1382 1813 1466 1853 que
1509 1805 1611 1840 sunt
1663 1797 1819 1839 debilis

335 1874 494 1919 motus,
517 1869 654 1910 immo
676 1869 895 1924 eligantur
916 1871 987 1913 ille
1009 1885 1095 1925 que
1116 1877 1217 1912 sunt
1239 1870 1402 1911 velocis
1426 1883 1469 1910 m
1485 1875 1584 1910 otus
1606 1867 1821 1910 habentes
1842 1875 1887 1922 ²⁵?

41 1931 224 1992 ,ffissfiffl‘them
332 1937 478 1991 capud
500 1937 733 1981 elevatum.
789 1941 848 1982 Et
871 1948 1047 1994 oportet
1072 1948 1119 1982 ut
1142 1954 1230 1982 non
1254 1940 1498 1982 moriantur
1515 1953 1615 1980 cum
1638 1938 1817 1993 capiun-

334 2015 417 2060 tur,
448 2008 483 2048 si
516 2009 727 2063 possibile
759 2019 836 2052 est.
903 2011 963 2052 Et
996 2011 1243 2053 abiciantur
1273 2026 1298 2052 a
1330 2016 1458 2065 parte
1488 2009 1646 2064 capitis
1681 2008 1818 2063 ipsius

332 2084 525 2131 quatuor
547 2079 687 2134 digiti,
712 2088 756 2122 et
779 2081 981 2122 similiter
1002 2096 1027 2122 a
1051 2089 1177 2135 parte
1199 2082 1338 2122 caude
1370 2080 1506 2133 ipsius
1537 2085 1580 2121 et
1609 2079 1681 2121 ani
1710 2079 1817 2133 ejus,

42 2203 300 2270 {geyfflssni'rt'buy
333 2224 414 2249 non
446 2211 699 2250 inveniantur
729 2212 770 2250 in
799 2212 954 2264 Anglia‚
988 2221 1155 2263 possunt
1187 2212 1226 2250 in
1257 2211 1448 2251 nundinis
1479 2211 1631 2262 magnis
1655 2212 1820 2250 Francie
1880 2200 1883 2207 ¹

42 2271 176 2304 England
190 2282 247 2306 you
261 2284 313 2302 can
332 2265 513 2314 inveniri,
534 2268 594 2305 vel
614 2266 654 2305 in
678 2269 1050 2318 Montepessulano.
1836 2281 1892 2315 30.

41 2306 236 2373 ῗὲᾙῇζξῗῖῑέζ
388 2320 605 2360 Sciendum
637 2323 748 2372 quod
779 2322 979 2372 predictus
1011 2322 1190 2361 medicus
1225 2321 1540 2372 sapientissimus
1571 2322 1637 2371 qui
1671 2320 1821 2359 curavit

331 2375 603 2426 supradictum
634 2376 855 2428 principem
881 2391 950 2428 per
976 2379 1080 2416 hanc
1102 2376 1341 2416 medicinam
1363 2376 1519 2416 addidit
1546 2390 1590 2415 os
1621 2377 1672 2415 de
1698 2376 1820 2414 corde

41 2427 285 2489 ῗξζῗιξῇᾖξὲξῑςῖῇὲ
331 2430 435 2469 cervi
461 2439 498 2470 et
519 2432 675 2478 ambos,
699 2432 767 2483 qui
788 2441 846 2471 est
868 2433 941 2471 flos
968 2432 1064 2471 roris
1094 2431 1232 2470 marini
1252 2447 1262 2479 ,-
1291 2431 1359 2482 qui
1383 2433 1528 2470 anthos
1549 2434 1608 2470 est
1630 2429 1819 2469 mirabilis
1876 2470 1878 2474 ,

289 2484 294 2489 ”
331 2493 469 2524 contra
497 2486 701 2536 passiones
729 2487 945 2526 senectutis
967 2496 1006 2527 et
1026 2495 1164 2526 contra
1185 2486 1389 2537 passiones
1414 2485 1706 2525 melancolicas.
1767 2486 1819 2523 Et
1871 2508 1874 2514 -

332 2541 363 2578 si
408 2541 511 2580 bene
553 2543 696 2588 recolo,
739 2542 896 2582 addidit
941 2542 1131 2581 trociscos
1181 2542 1252 2591 tyri
1297 2541 1489 2592 serpentis
1538 2542 1686 2580 electos
1736 2552 1816 2579 non
1836 2550 1877 2586 35

331 2594 623 2646 sophisticatos.

379 2727 417 2755 15
442 2718 554 2757 curte]
573 2723 666 2748 certe
684 2718 745 2748 MS

1906 2752 1908 2803 l

1875 2825 1908 2969 ..l
