<?xml version="1.0" encoding="UTF-8"?>
<!DOCTYPE html PUBLIC "-//W3C//DTD XHTML 1.0 Transitional//EN"
    "http://www.w3.org/TR/xhtml1/DTD/xhtml1-transitional.dtd">
<html xmlns="http://www.w3.org/1999/xhtml" xml:lang="en" lang="en">
 <head>
  <title>
</title>
<meta http-equiv="Content-Type" content="text/html;charset=utf-8" />
  <meta name='ocr-system' content='tesseract 3.04.00' />
  <meta name='ocr-capabilities' content='ocr_page ocr_carea ocr_par ocr_line ocrx_word'/>
</head>
<body>
  <div class='ocr_page' id='page_1' title='image "./operahactenusine05baco_0201.png"; bbox 0 0 1908 3126; ppageno 0'>
   <div class='ocr_carea' id='block_1_1' title="bbox 783 89 862 131">
    <p class='ocr_par' dir='ltr' id='par_1_1' title="bbox 783 89 862 131">
     <span class='ocr_line' id='line_1_1' title="bbox 783 89 862 131; baseline 0.013 -12"><span class='ocrx_word' id='word_1_1' title='bbox 783 89 862 131; x_wconf 83' lang='lat'>127</span> 
     </span>
    </p>
   </div>
   <div class='ocr_carea' id='block_1_2' title="bbox 78 258 1848 391">
    <p class='ocr_par' dir='ltr' id='par_1_2' title="bbox 78 258 1848 391">
     <span class='ocr_line' id='line_1_2' title="bbox 141 258 1848 323; baseline 0 -13"><span class='ocrx_word' id='word_1_2' title='bbox 141 267 391 323; x_wconf 81' lang='lat' dir='ltr'><em>Capitulum</em></span> <span class='ocrx_word' id='word_1_3' title='bbox 411 273 580 309; x_wconf 76' lang='lat' dir='ltr'>sextum</span> <span class='ocrx_word' id='word_1_4' title='bbox 607 266 660 307; x_wconf 81' lang='lat' dir='ltr'>dc</span> <span class='ocrx_word' id='word_1_5' title='bbox 680 267 850 318; x_wconf 76' lang='lat' dir='ltr'>creatis,</span> <span class='ocrx_word' id='word_1_6' title='bbox 871 266 917 307; x_wconf 77' lang='lat' dir='ltr'>z&#39;u</span> <span class='ocrx_word' id='word_1_7' title='bbox 947 267 1102 319; x_wconf 75' lang='lat' dir='ltr'>quibus</span> <span class='ocrx_word' id='word_1_8' title='bbox 1122 266 1368 308; x_wconf 74' lang='lat' dir='ltr'>attenditur</span> <span class='ocrx_word' id='word_1_9' title='bbox 1376 266 1566 321; x_wconf 75' lang='lat' dir='ltr'>justicia</span> <span class='ocrx_word' id='word_1_10' title='bbox 1800 258 1848 310; x_wconf 87' lang='lat' dir='ltr'>B</span> 
     </span>
     <span class='ocr_line' id='line_1_3' title="bbox 78 336 714 391; baseline -0.005 -11"><span class='ocrx_word' id='word_1_11' title='bbox 78 337 300 380; x_wconf 78' lang='lat' dir='ltr'>naturalis</span> <span class='ocrx_word' id='word_1_12' title='bbox 319 344 363 379; x_wconf 84' lang='lat' dir='ltr'>et</span> <span class='ocrx_word' id='word_1_13' title='bbox 381 343 485 391; x_wconf 81' lang='lat' dir='ltr'>quot</span> <span class='ocrx_word' id='word_1_14' title='bbox 501 343 607 377; x_wconf 78' lang='lat' dir='ltr'>sunt</span> <span class='ocrx_word' id='word_1_15' title='bbox 626 336 714 378; x_wconf 80' lang='lat' dir='ltr'>celi.</span> 
     </span>
    </p>
   </div>
   <div class='ocr_carea' id='block_1_3' title="bbox 71 432 1834 508">
    <p class='ocr_par' dir='ltr' id='par_1_3' title="bbox 71 432 1834 508">
     <span class='ocr_line' id='line_1_4' title="bbox 71 432 1834 508; baseline -0.002 -31"><span class='ocrx_word' id='word_1_16' title='bbox 71 484 75 488; x_wconf 26' lang='lat'>¹</span> <span class='ocrx_word' id='word_1_17' title='bbox 167 435 269 478; x_wconf 87' lang='lat' dir='ltr'>Cias</span> <span class='ocrx_word' id='word_1_18' title='bbox 283 434 402 489; x_wconf 92' lang='lat' dir='ltr'>quod</span> <span class='ocrx_word' id='word_1_19' title='bbox 422 433 528 475; x_wconf 89' lang='lat' dir='ltr'>illud</span> <span class='ocrx_word' id='word_1_20' title='bbox 547 434 737 487; x_wconf 89' lang='lat' dir='ltr'>primum</span> <span class='ocrx_word' id='word_1_21' title='bbox 754 433 874 486; x_wconf 89' lang='lat' dir='ltr'>quod</span> <span class='ocrx_word' id='word_1_22' title='bbox 890 433 1053 474; x_wconf 76' lang='lat' dir='ltr'>creavit</span> <span class='ocrx_word' id='word_1_23' title='bbox 1070 432 1330 474; x_wconf 86' lang='lat' dir='ltr'>Altissimus</span> <span class='ocrx_word' id='word_1_24' title='bbox 1347 432 1562 487; x_wconf 85' lang='lat' dir='ltr'>gloriosus</span> <span class='ocrx_word' id='word_1_25' title='bbox 1581 447 1644 507; x_wconf 54' lang='lat' dir='ltr'>ffb?</span> <span class='ocrx_word' id='word_1_26' title='bbox 1659 447 1737 508; x_wconf 64' lang='lat' dir='ltr'>M⁰⁵tt</span> <span class='ocrx_word' id='word_1_27' title='bbox 1747 446 1834 508; x_wconf 49' lang='lat' dir='ltr'>gijgh</span> 
     </span>
     <span class='ocr_line' id='line_1_5' title="bbox 1601 490 1822 508; baseline 0 -1"><span class='ocrx_word' id='word_1_28' title='bbox 1601 490 1626 507; x_wconf 68' lang='grc' dir='ltr'>ΓΞ</span> <span class='ocrx_word' id='word_1_29' title='bbox 1651 490 1745 508; x_wconf 72' lang='lat' dir='ltr'>Cl&#39;eae</span> <span class='ocrx_word' id='word_1_30' title='bbox 1780 491 1822 507; x_wconf 83' lang='lat' dir='ltr'>m-</span> 
     </span>
    </p>
   </div>
   <div class='ocr_carea' id='block_1_4' title="bbox 42 500 1828 696">
    <p class='ocr_par' dir='ltr' id='par_1_4' title="bbox 42 500 1828 696">
     <span class='ocr_line' id='line_1_6' title="bbox 166 500 1755 558; baseline -0.003 -13"><span class='ocrx_word' id='word_1_31' title='bbox 166 510 232 545; x_wconf 88' lang='lat' dir='ltr'>est</span> <span class='ocrx_word' id='word_1_32' title='bbox 254 503 446 558; x_wconf 84' lang='lat' dir='ltr'><strong>simplex</strong></span> <span class='ocrx_word' id='word_1_33' title='bbox 468 503 709 557; x_wconf 86' lang='lat' dir='ltr'>spiritualis</span> <span class='ocrx_word' id='word_1_34' title='bbox 730 500 1010 543; x_wconf 78' lang='lat' dir='ltr'>substancial</span> <span class='ocrx_word' id='word_1_35' title='bbox 1035 502 1077 541; x_wconf 88' lang='lat' dir='ltr'>in</span> <span class='ocrx_word' id='word_1_36' title='bbox 1099 501 1186 543; x_wconf 90' lang='lat' dir='ltr'>fine</span> <span class='ocrx_word' id='word_1_37' title='bbox 1212 501 1497 555; x_wconf 89' lang='lat' dir='ltr'>perfeccionis</span> <span class='ocrx_word' id='word_1_38' title='bbox 1519 509 1562 544; x_wconf 87' lang='lat' dir='ltr'>et</span> <span class='ocrx_word' id='word_1_39' title='bbox 1581 514 1755 548; x_wconf 76' lang='lat' dir='ltr'>telligences,</span> 
     </span>
     <span class='ocr_line' id='line_1_7' title="bbox 42 569 1561 628; baseline -0.002 -12"><span class='ocrx_word' id='word_1_40' title='bbox 42 589 60 622; x_wconf 91' lang='lat'><strong>5</strong></span> <span class='ocrx_word' id='word_1_41' title='bbox 79 573 393 628; x_wconf 89' lang='lat' dir='ltr'>complementi</span> <span class='ocrx_word' id='word_1_42' title='bbox 414 572 638 622; x_wconf 81' lang='lat' dir='ltr'>bonitatis,</span> <span class='ocrx_word' id='word_1_43' title='bbox 662 572 704 613; x_wconf 92' lang='lat' dir='ltr'>in</span> <span class='ocrx_word' id='word_1_44' title='bbox 727 585 815 625; x_wconf 87' lang='lat' dir='ltr'>qua</span> <span class='ocrx_word' id='word_1_45' title='bbox 837 577 938 612; x_wconf 86' lang='lat' dir='ltr'>sunt</span> <span class='ocrx_word' id='word_1_46' title='bbox 960 569 1104 612; x_wconf 89' lang='lat' dir='ltr'>forme</span> <span class='ocrx_word' id='word_1_47' title='bbox 1123 585 1268 612; x_wconf 86' lang='lat' dir='ltr'>rerum</span> <span class='ocrx_word' id='word_1_48' title='bbox 1285 572 1496 623; x_wconf 88' lang='lat' dir='ltr'>omnium,</span> <span class='ocrx_word' id='word_1_49' title='bbox 1519 579 1561 614; x_wconf 91' lang='lat' dir='ltr'>et</span> 
     </span>
     <span class='ocr_line' id='line_1_8' title="bbox 79 639 1828 696; baseline -0.002 -11"><span class='ocrx_word' id='word_1_50' title='bbox 79 649 260 685; x_wconf 88' lang='lat' dir='ltr'>vocatur</span> <span class='ocrx_word' id='word_1_51' title='bbox 281 641 575 696; x_wconf 86' lang='lat' dir='ltr'>intelligencia</span> <span class='ocrx_word' id='word_1_52' title='bbox 594 655 603 692; x_wconf 90' lang='lat'>;</span> <span class='ocrx_word' id='word_1_53' title='bbox 619 640 634 664; x_wconf 86' lang='lat'>2</span> <span class='ocrx_word' id='word_1_54' title='bbox 667 648 710 683; x_wconf 92' lang='lat' dir='ltr'>et</span> <span class='ocrx_word' id='word_1_55' title='bbox 729 640 889 682; x_wconf 89' lang='lat' dir='ltr'>deinde</span> <span class='ocrx_word' id='word_1_56' title='bbox 911 654 969 681; x_wconf 81' lang='lat' dir='ltr'>ex</span> <span class='ocrx_word' id='word_1_57' title='bbox 985 640 1340 682; x_wconf 84' lang='lat' dir='ltr'>alia-substancia</span> <span class='ocrx_word' id='word_1_58' title='bbox 1356 639 1373 664; x_wconf 82' lang='lat'>3</span> <span class='ocrx_word' id='word_1_59' title='bbox 1393 642 1532 683; x_wconf 80' lang='lat' dir='ltr'>exivit</span> <span class='ocrx_word' id='word_1_60' title='bbox 1548 641 1564 664; x_wconf 67' lang='lat'>4</span> <span class='ocrx_word' id='word_1_61' title='bbox 1581 644 1648 686; x_wconf 49' lang='lat' dir='ltr'>than</span> <span class='ocrx_word' id='word_1_62' title='bbox 1661 645 1710 672; x_wconf 73' lang='lat' dir='ltr'>the</span> <span class='ocrx_word' id='word_1_63' title='bbox 1722 646 1828 671; x_wconf 62' lang='lat' dir='ltr'>‘mima</span> 
     </span>
    </p>
   </div>
   <div class='ocr_carea' id='block_1_5' title="bbox 1582 681 1770 710">
    <p class='ocr_par' dir='ltr' id='par_1_5' title="bbox 1582 681 1770 710">
     <span class='ocr_line' id='line_1_9' title="bbox 1582 681 1770 710; baseline 0.011 -6"><span class='ocrx_word' id='word_1_64' title='bbox 1582 681 1736 706; x_wconf 72' lang='lat' dir='ltr'>unwersal</span> <span class='ocrx_word' id='word_1_65' title='bbox 1737 681 1770 710; x_wconf 82' lang='lat' dir='ltr'>is,</span> 
     </span>
    </p>
   </div>
   <div class='ocr_carea' id='block_1_6' title="bbox 79 707 1671 767">
    <p class='ocr_par' dir='ltr' id='par_1_6' title="bbox 79 707 1671 767">
     <span class='ocr_line' id='line_1_10' title="bbox 79 707 1671 767; baseline -0.002 -13"><span class='ocrx_word' id='word_1_66' title='bbox 79 713 165 755; x_wconf 86' lang='lat' dir='ltr'>alia</span> <span class='ocrx_word' id='word_1_67' title='bbox 181 712 439 754; x_wconf 70' lang='lat' dir='ltr'>¹substancia</span> <span class='ocrx_word' id='word_1_68' title='bbox 463 712 604 753; x_wconf 88' lang='lat' dir='ltr'>minor</span> <span class='ocrx_word' id='word_1_69' title='bbox 630 712 771 766; x_wconf 86' lang='lat' dir='ltr'>gradu</span> <span class='ocrx_word' id='word_1_70' title='bbox 803 724 884 752; x_wconf 92' lang='lat' dir='ltr'>suo</span> <span class='ocrx_word' id='word_1_71' title='bbox 915 707 920 765; x_wconf 86' lang='grc' dir='ltr'>Ι</span> <span class='ocrx_word' id='word_1_72' title='bbox 947 723 1033 764; x_wconf 87' lang='lat' dir='ltr'>que</span> <span class='ocrx_word' id='word_1_73' title='bbox 1056 716 1240 751; x_wconf 85' lang='lat' dir='ltr'>vocatur</span> <span class='ocrx_word' id='word_1_74' title='bbox 1262 710 1564 753; x_wconf 87' lang='lat' dir='ltr'>universaliter</span> <span class='ocrx_word' id='word_1_75' title='bbox 1582 733 1622 767; x_wconf 86' lang='lat'>97</span> <span class='ocrx_word' id='word_1_76' title='bbox 1641 737 1671 759; x_wconf 69' lang='lat' dir='ltr'>a,</span> 
     </span>
    </p>
   </div>
   <div class='ocr_carea' id='block_1_7' title="bbox 25 796 1795 978">
    <p class='ocr_par' dir='ltr' id='par_1_7' title="bbox 25 796 1795 978">
     <span class='ocr_line' id='line_1_11' title="bbox 78 796 237 825; baseline -0.013 0"><span class='ocrx_word' id='word_1_77' title='bbox 78 796 237 825; x_wconf 85' lang='lat' dir='ltr'>amma.</span> 
     </span>
     <span class='ocr_line' id='line_1_12' title="bbox 139 850 1795 905; baseline 0.002 -12"><span class='ocrx_word' id='word_1_78' title='bbox 139 852 199 895; x_wconf 88' lang='lat' dir='ltr'>Et</span> <span class='ocrx_word' id='word_1_79' title='bbox 230 852 316 893; x_wconf 86' lang='lat' dir='ltr'>alia</span> <span class='ocrx_word' id='word_1_80' title='bbox 347 852 598 893; x_wconf 84' lang='lat' dir='ltr'>substancia</span> <span class='ocrx_word' id='word_1_81' title='bbox 630 857 696 892; x_wconf 89' lang='lat' dir='ltr'>est</span> <span class='ocrx_word' id='word_1_82' title='bbox 729 863 814 904; x_wconf 87' lang='lat' dir='ltr'>que</span> <span class='ocrx_word' id='word_1_83' title='bbox 836 857 1019 892; x_wconf 82' lang='lat' dir='ltr'>vocatur</span> <span class='ocrx_word' id='word_1_84' title='bbox 1047 850 1151 905; x_wconf 91' lang='lat' dir='ltr'>hyle</span> <span class='ocrx_word' id='word_1_85' title='bbox 1168 850 1185 875; x_wconf 84' lang='grc'><em>5</em></span> <span class='ocrx_word' id='word_1_86' title='bbox 1208 850 1363 905; x_wconf 87' lang='lat' dir='ltr'>(aliter,</span> <span class='ocrx_word' id='word_1_87' title='bbox 1387 858 1431 894; x_wconf 91' lang='lat' dir='ltr'>et</span> <span class='ocrx_word' id='word_1_88' title='bbox 1459 865 1562 905; x_wconf 89' lang='lat' dir='ltr'>pro·</span> <span class='ocrx_word' id='word_1_89' title='bbox 1581 869 1795 901; x_wconf 59' lang='lat' dir='ltr'>menthehffl,</span> 
     </span>
     <span class='ocr_line' id='line_1_13' title="bbox 25 920 1563 978; baseline -0.001 -14"><span class='ocrx_word' id='word_1_90' title='bbox 25 941 62 964; x_wconf 92' lang='lat'>10</span> <span class='ocrx_word' id='word_1_91' title='bbox 79 935 228 978; x_wconf 84' lang='lat' dir='ltr'>gressa</span> <span class='ocrx_word' id='word_1_92' title='bbox 250 921 332 964; x_wconf 85' lang='lat' dir='ltr'>fuit</span> <span class='ocrx_word' id='word_1_93' title='bbox 356 936 414 963; x_wconf 82' lang='lat' dir='ltr'>ex</span> <span class='ocrx_word' id='word_1_94' title='bbox 443 920 517 962; x_wconf 88' lang='lat' dir='ltr'>illa</span> <span class='ocrx_word' id='word_1_95' title='bbox 548 922 695 963; x_wconf 86' lang='lat' dir='ltr'>anima</span> <span class='ocrx_word' id='word_1_96' title='bbox 721 920 806 962; x_wconf 86' lang='lat' dir='ltr'>alia</span> <span class='ocrx_word' id='word_1_97' title='bbox 839 921 1094 962; x_wconf 83' lang='lat' dir='ltr'>substancia</span> <span class='ocrx_word' id='word_1_98' title='bbox 1121 935 1205 974; x_wconf 91' lang='lat' dir='ltr'>que</span> <span class='ocrx_word' id='word_1_99' title='bbox 1226 929 1409 963; x_wconf 90' lang='lat' dir='ltr'>vocatur</span> <span class='ocrx_word' id='word_1_100' title='bbox 1430 920 1563 975; x_wconf 83' lang='lat' dir='ltr'>hyle),</span> 
     </span>
    </p>
   </div>
   <div class='ocr_carea' id='block_1_8' title="bbox 24 1055 1778 2469">
    <p class='ocr_par' dir='ltr' id='par_1_8' title="bbox 24 1055 1778 2469">
     <span class='ocr_line' id='line_1_14' title="bbox 132 1055 1563 1109; baseline -0.001 -12"><span class='ocrx_word' id='word_1_101' title='bbox 132 1060 143 1079; x_wconf 84' lang='lat'>¹</span> <span class='ocrx_word' id='word_1_102' title='bbox 176 1059 350 1109; x_wconf 71' lang='lat' dir='ltr'>Simplex</span> <span class='ocrx_word' id='word_1_103' title='bbox 378 1057 596 1096; x_wconf 79' lang='lat' dir='ltr'>substancia</span> <span class='ocrx_word' id='word_1_104' title='bbox 624 1062 699 1103; x_wconf 69' lang='lat' dir='ltr'>eta,</span> <span class='ocrx_word' id='word_1_105' title='bbox 723 1069 815 1094; x_wconf 90' lang='lat' dir='ltr'>cum</span> <span class='ocrx_word' id='word_1_106' title='bbox 838 1055 929 1094; x_wconf 91' lang='lat' dir='ltr'>velit</span> <span class='ocrx_word' id='word_1_107' title='bbox 960 1055 1025 1094; x_wconf 91' lang='lat' dir='ltr'>hic</span> <span class='ocrx_word' id='word_1_108' title='bbox 1054 1057 1165 1107; x_wconf 88' lang='lat' dir='ltr'>quod</span> <span class='ocrx_word' id='word_1_109' title='bbox 1195 1056 1425 1096; x_wconf 85' lang='lat' dir='ltr'>substancia</span> <span class='ocrx_word' id='word_1_110' title='bbox 1447 1071 1563 1108; x_wconf 85' lang='lat' dir='ltr'>ange·</span> 
     </span>
     <span class='ocr_line' id='line_1_15' title="bbox 78 1110 1613 1163; baseline -0.001 -12"><span class='ocrx_word' id='word_1_111' title='bbox 78 1111 153 1151; x_wconf 85' lang='lat' dir='ltr'>lica</span> <span class='ocrx_word' id='word_1_112' title='bbox 191 1112 240 1151; x_wconf 89' lang='lat' dir='ltr'>sit</span> <span class='ocrx_word' id='word_1_113' title='bbox 288 1112 465 1163; x_wconf 80' lang='lat' dir='ltr'>simplex,</span> <span class='ocrx_word' id='word_1_114' title='bbox 506 1111 809 1162; x_wconf 85' lang='lat' dir='ltr'>intelligendum</span> <span class='ocrx_word' id='word_1_115' title='bbox 848 1118 906 1149; x_wconf 89' lang='lat' dir='ltr'>est</span> <span class='ocrx_word' id='word_1_116' title='bbox 945 1111 1056 1161; x_wconf 89' lang='lat' dir='ltr'>quod</span> <span class='ocrx_word' id='word_1_117' title='bbox 1102 1110 1246 1149; x_wconf 87' lang='lat' dir='ltr'>dicitur</span> <span class='ocrx_word' id='word_1_118' title='bbox 1280 1112 1448 1162; x_wconf 82' lang='lat' dir='ltr'>simplex</span> <span class='ocrx_word' id='word_1_119' title='bbox 1495 1125 1564 1163; x_wconf 88' lang='lat' dir='ltr'>per</span> <span class='ocrx_word' id='word_1_120' title='bbox 1600 1128 1613 1141; x_wconf 87' lang='lat'><strong>·</strong></span> 
     </span>
     <span class='ocr_line' id='line_1_16' title="bbox 78 1164 1564 1218; baseline 0 -13"><span class='ocrx_word' id='word_1_121' title='bbox 78 1167 348 1218; x_wconf 86' lang='lat' dir='ltr'>privacionem</span> <span class='ocrx_word' id='word_1_122' title='bbox 371 1165 532 1205; x_wconf 85' lang='lat' dir='ltr'>materie</span> <span class='ocrx_word' id='word_1_123' title='bbox 552 1165 766 1216; x_wconf 90' lang='lat' dir='ltr'>corporalis</span> <span class='ocrx_word' id='word_1_124' title='bbox 787 1172 825 1203; x_wconf 92' lang='lat' dir='ltr'>et</span> <span class='ocrx_word' id='word_1_125' title='bbox 846 1178 915 1215; x_wconf 90' lang='lat' dir='ltr'>per</span> <span class='ocrx_word' id='word_1_126' title='bbox 930 1164 1198 1215; x_wconf 88' lang='lat' dir='ltr'>privacionem</span> <span class='ocrx_word' id='word_1_127' title='bbox 1219 1165 1474 1216; x_wconf 83' lang='lat' dir='ltr'>quantitatis:</span> <span class='ocrx_word' id='word_1_128' title='bbox 1505 1174 1564 1205; x_wconf 82' lang='lat' dir='ltr'>est</span> 
     </span>
     <span class='ocr_line' id='line_1_17' title="bbox 79 1218 1563 1271; baseline -0.001 -11"><span class='ocrx_word' id='word_1_129' title='bbox 79 1229 213 1260; x_wconf 88' lang='lat' dir='ltr'>tamen</span> <span class='ocrx_word' id='word_1_130' title='bbox 245 1234 335 1260; x_wconf 91' lang='lat' dir='ltr'>vere</span> <span class='ocrx_word' id='word_1_131' title='bbox 369 1220 592 1271; x_wconf 85' lang='lat' dir='ltr'>composita</span> <span class='ocrx_word' id='word_1_132' title='bbox 623 1233 671 1259; x_wconf 87' lang='lat' dir='ltr'>ex</span> <span class='ocrx_word' id='word_1_133' title='bbox 705 1218 870 1258; x_wconf 88' lang='lat' dir='ltr'>materia</span> <span class='ocrx_word' id='word_1_134' title='bbox 904 1227 942 1258; x_wconf 91' lang='lat' dir='ltr'>et</span> <span class='ocrx_word' id='word_1_135' title='bbox 976 1221 1103 1258; x_wconf 86' lang='lat' dir='ltr'>forma</span> <span class='ocrx_word' id='word_1_136' title='bbox 1135 1219 1415 1270; x_wconf 75' lang='lat' dir='ltr'>spiritualibus,</span> <span class='ocrx_word' id='word_1_137' title='bbox 1438 1228 1477 1259; x_wconf 90' lang='lat' dir='ltr'>et</span> <span class='ocrx_word' id='word_1_138' title='bbox 1507 1220 1563 1259; x_wconf 85' lang='lat' dir='ltr'>sic</span> 
     </span>
     <span class='ocr_line' id='line_1_18' title="bbox 24 1274 1563 1328; baseline -0.001 -12"><span class='ocrx_word' id='word_1_139' title='bbox 24 1295 61 1328; x_wconf 83' lang='lat'>15</span> <span class='ocrx_word' id='word_1_140' title='bbox 79 1276 222 1323; x_wconf 86' lang='lat' dir='ltr'>anima,</span> <span class='ocrx_word' id='word_1_141' title='bbox 246 1277 468 1315; x_wconf 88' lang='lat' dir='ltr'>secundum</span> <span class='ocrx_word' id='word_1_142' title='bbox 490 1276 601 1325; x_wconf 90' lang='lat' dir='ltr'>quod</span> <span class='ocrx_word' id='word_1_143' title='bbox 623 1275 706 1313; x_wconf 90' lang='lat' dir='ltr'>vult</span> <span class='ocrx_word' id='word_1_144' title='bbox 727 1274 907 1313; x_wconf 87' lang='lat' dir='ltr'>secundo</span> <span class='ocrx_word' id='word_1_145' title='bbox 927 1275 1206 1324; x_wconf 74' lang='lat' dir='ltr'>Mellzapln‘sice</span> <span class='ocrx_word' id='word_1_146' title='bbox 1221 1276 1314 1325; x_wconf 87' lang='lat' dir='ltr'>quia</span> <span class='ocrx_word' id='word_1_147' title='bbox 1336 1275 1563 1314; x_wconf 88' lang='lat' dir='ltr'>substancie</span> 
     </span>
     <span class='ocr_line' id='line_1_19' title="bbox 80 1328 717 1382; baseline -0.005 -13"><span class='ocrx_word' id='word_1_148' title='bbox 80 1330 311 1382; x_wconf 82' lang='lat' dir='ltr'>incorporee</span> <span class='ocrx_word' id='word_1_149' title='bbox 331 1330 482 1368; x_wconf 88' lang='lat' dir='ltr'>habent</span> <span class='ocrx_word' id='word_1_150' title='bbox 502 1328 717 1368; x_wconf 84' lang='lat' dir='ltr'>materiam.</span> 
     </span>
     <span class='ocr_line' id='line_1_20' title="bbox 135 1383 1562 1436; baseline -0.002 -12"><span class='ocrx_word' id='word_1_151' title='bbox 135 1386 147 1406; x_wconf 89' lang='lat'><strong>²</strong></span> <span class='ocrx_word' id='word_1_152' title='bbox 177 1398 299 1436; x_wconf 84' lang='lat' dir='ltr'>quam</span> <span class='ocrx_word' id='word_1_153' title='bbox 338 1383 555 1425; x_wconf 84' lang='lat' dir='ltr'>Christiani</span> <span class='ocrx_word' id='word_1_154' title='bbox 594 1383 734 1422; x_wconf 86' lang='lat' dir='ltr'>dicunt</span> <span class='ocrx_word' id='word_1_155' title='bbox 771 1383 971 1432; x_wconf 85' lang='lat' dir='ltr'>angelum.</span> <span class='ocrx_word' id='word_1_156' title='bbox 1038 1385 1175 1420; x_wconf 75' lang='lat' dir='ltr'>Ferme</span> <span class='ocrx_word' id='word_1_157' title='bbox 1212 1396 1342 1421; x_wconf 68' lang='lat' dir='ltr'>rerum</span> <span class='ocrx_word' id='word_1_158' title='bbox 1380 1384 1562 1430; x_wconf 73' lang='lat' dir='ltr'>omnium,</span> 
     </span>
     <span class='ocr_line' id='line_1_21' title="bbox 81 1436 1564 1489; baseline -0.002 -10"><span class='ocrx_word' id='word_1_159' title='bbox 81 1439 242 1488; x_wconf 90' lang='lat' dir='ltr'>scilicet,</span> <span class='ocrx_word' id='word_1_160' title='bbox 265 1446 496 1488; x_wconf 85' lang='lat' dir='ltr'>creatarum,</span> <span class='ocrx_word' id='word_1_161' title='bbox 520 1451 619 1489; x_wconf 88' lang='lat' dir='ltr'>quas</span> <span class='ocrx_word' id='word_1_162' title='bbox 639 1436 869 1489; x_wconf 88' lang='lat' dir='ltr'>philosophi</span> <span class='ocrx_word' id='word_1_163' title='bbox 891 1444 930 1476; x_wconf 90' lang='lat' dir='ltr'>et</span> <span class='ocrx_word' id='word_1_164' title='bbox 959 1437 1135 1488; x_wconf 83' lang='lat' dir='ltr'>theologi</span> <span class='ocrx_word' id='word_1_165' title='bbox 1156 1445 1301 1476; x_wconf 84' lang='lat' dir='ltr'>vocant</span> <span class='ocrx_word' id='word_1_166' title='bbox 1330 1451 1413 1476; x_wconf 91' lang='lat' dir='ltr'>non</span> <span class='ocrx_word' id='word_1_167' title='bbox 1434 1439 1564 1477; x_wconf 88' lang='lat' dir='ltr'>solum</span> 
     </span>
     <span class='ocr_line' id='line_1_22' title="bbox 81 1491 1698 1545; baseline -0.002 -11"><span class='ocrx_word' id='word_1_168' title='bbox 81 1496 226 1534; x_wconf 85' lang='lat' dir='ltr'>formas</span> <span class='ocrx_word' id='word_1_169' title='bbox 259 1493 319 1533; x_wconf 75' lang='lat' dir='ltr'>se&#39;t</span> <span class='ocrx_word' id='word_1_170' title='bbox 349 1493 503 1545; x_wconf 87' lang='lat' dir='ltr'>species</span> <span class='ocrx_word' id='word_1_171' title='bbox 534 1500 573 1532; x_wconf 91' lang='lat' dir='ltr'>et</span> <span class='ocrx_word' id='word_1_172' title='bbox 599 1491 880 1531; x_wconf 88' lang='lat' dir='ltr'>similitudines</span> <span class='ocrx_word' id='word_1_173' title='bbox 916 1504 1058 1540; x_wconf 80' lang='lat' dir='ltr'>rerum,</span> <span class='ocrx_word' id='word_1_174' title='bbox 1095 1493 1188 1543; x_wconf 87' lang='lat' dir='ltr'>quia</span> <span class='ocrx_word' id='word_1_175' title='bbox 1219 1493 1348 1543; x_wconf 85' lang='lat' dir='ltr'>angeli</span> <span class='ocrx_word' id='word_1_176' title='bbox 1378 1506 1448 1543; x_wconf 87' lang='lat' dir='ltr'>per</span> <span class='ocrx_word' id='word_1_177' title='bbox 1480 1493 1565 1531; x_wconf 82' lang='lat' dir='ltr'>illas</span> <span class='ocrx_word' id='word_1_178' title='bbox 1584 1505 1698 1537; x_wconf 77' lang='lat' dir='ltr'>Angels.</span> 
     </span>
     <span class='ocr_line' id='line_1_23' title="bbox 25 1545 1566 1600; baseline 0 -14"><span class='ocrx_word' id='word_1_179' title='bbox 25 1565 64 1587; x_wconf 81' lang='lat'>20</span> <span class='ocrx_word' id='word_1_180' title='bbox 81 1549 234 1600; x_wconf 88' lang='lat' dir='ltr'>species</span> <span class='ocrx_word' id='word_1_181' title='bbox 272 1555 522 1599; x_wconf 85' lang='lat' dir='ltr'>cognoscunt</span> <span class='ocrx_word' id='word_1_182' title='bbox 561 1549 662 1586; x_wconf 84' lang='lat' dir='ltr'>sicut</span> <span class='ocrx_word' id='word_1_183' title='bbox 709 1546 844 1586; x_wconf 88' lang='lat' dir='ltr'>anima</span> <span class='ocrx_word' id='word_1_184' title='bbox 891 1545 1100 1585; x_wconf 83' lang='lat' dir='ltr'>racionalis</span> <span class='ocrx_word' id='word_1_185' title='bbox 1140 1546 1278 1597; x_wconf 84' lang='lat' dir='ltr'>recipit</span> <span class='ocrx_word' id='word_1_186' title='bbox 1326 1546 1479 1597; x_wconf 90' lang='lat' dir='ltr'>species</span> <span class='ocrx_word' id='word_1_187' title='bbox 1527 1555 1566 1586; x_wconf 88' lang='lat' dir='ltr'>et</span> 
     </span>
     <span class='ocr_line' id='line_1_24' title="bbox 81 1603 523 1643; baseline -0.002 -1"><span class='ocrx_word' id='word_1_188' title='bbox 81 1603 360 1643; x_wconf 89' lang='lat' dir='ltr'>similitudines</span> <span class='ocrx_word' id='word_1_189' title='bbox 381 1616 523 1642; x_wconf 87' lang='lat' dir='ltr'>rerum.</span> 
     </span>
     <span class='ocr_line' id='line_1_25' title="bbox 136 1655 1565 1706; baseline -0.003 -8"><span class='ocrx_word' id='word_1_190' title='bbox 136 1659 148 1679; x_wconf 78' lang='lat'><strong>³</strong></span> <span class='ocrx_word' id='word_1_191' title='bbox 179 1658 221 1698; x_wconf 89' lang='lat' dir='ltr'>id</span> <span class='ocrx_word' id='word_1_192' title='bbox 252 1665 323 1705; x_wconf 90' lang='lat' dir='ltr'>est,</span> <span class='ocrx_word' id='word_1_193' title='bbox 359 1672 407 1697; x_wconf 81' lang='lat' dir='ltr'>ex</span> <span class='ocrx_word' id='word_1_194' title='bbox 444 1656 522 1696; x_wconf 86' lang='lat' dir='ltr'>alia</span> <span class='ocrx_word' id='word_1_195' title='bbox 560 1656 724 1696; x_wconf 87' lang='lat' dir='ltr'>materia</span> <span class='ocrx_word' id='word_1_196' title='bbox 762 1655 954 1706; x_wconf 83' lang='lat' dir='ltr'>spirituali</span> <span class='ocrx_word' id='word_1_197' title='bbox 993 1663 1032 1694; x_wconf 87' lang='lat' dir='ltr'>et</span> <span class='ocrx_word' id='word_1_198' title='bbox 1061 1656 1138 1694; x_wconf 88' lang='lat' dir='ltr'>alia</span> <span class='ocrx_word' id='word_1_199' title='bbox 1176 1657 1304 1695; x_wconf 84' lang='lat' dir='ltr'>forma</span> <span class='ocrx_word' id='word_1_200' title='bbox 1343 1656 1565 1695; x_wconf 91' lang='lat' dir='ltr'>secundum</span> 
     </span>
     <span class='ocr_line' id='line_1_26' title="bbox 83 1712 367 1764; baseline -0.004 -12"><span class='ocrx_word' id='word_1_201' title='bbox 83 1712 269 1764; x_wconf 90' lang='lat' dir='ltr'>speciem,</span> <span class='ocrx_word' id='word_1_202' title='bbox 292 1720 367 1752; x_wconf 89' lang='lat' dir='ltr'>ete.</span> 
     </span>
     <span class='ocr_line' id='line_1_27' title="bbox 137 1764 1037 1818; baseline -0.004 -12"><span class='ocrx_word' id='word_1_203' title='bbox 137 1773 149 1789; x_wconf 74' lang='lat'>⁴</span> <span class='ocrx_word' id='word_1_204' title='bbox 179 1767 340 1815; x_wconf 89' lang='lat' dir='ltr'>scilicet,</span> <span class='ocrx_word' id='word_1_205' title='bbox 363 1780 433 1818; x_wconf 90' lang='lat' dir='ltr'>per</span> <span class='ocrx_word' id='word_1_206' title='bbox 453 1765 704 1805; x_wconf 85' lang='lat' dir='ltr'>creacionem</span> <span class='ocrx_word' id='word_1_207' title='bbox 724 1764 754 1804; x_wconf 78' lang='lat' dir='ltr'>a&#39;</span> <span class='ocrx_word' id='word_1_208' title='bbox 770 1767 860 1804; x_wconf 92' lang='lat' dir='ltr'>Deo</span> <span class='ocrx_word' id='word_1_209' title='bbox 880 1766 1037 1803; x_wconf 87' lang='lat' dir='ltr'>factam.</span> 
     </span>
     <span class='ocr_line' id='line_1_28' title="bbox 26 1818 1778 1873; baseline -0.005 -10"><span class='ocrx_word' id='word_1_210' title='bbox 26 1833 64 1864; x_wconf 82' lang='lat'>²5</span> <span class='ocrx_word' id='word_1_211' title='bbox 136 1823 148 1843; x_wconf 81' lang='lat'>⁵</span> <span class='ocrx_word' id='word_1_212' title='bbox 181 1823 288 1873; x_wconf 90' lang='lat' dir='ltr'>Hyle</span> <span class='ocrx_word' id='word_1_213' title='bbox 309 1829 368 1861; x_wconf 91' lang='lat' dir='ltr'>est</span> <span class='ocrx_word' id='word_1_214' title='bbox 388 1820 552 1860; x_wconf 86' lang='lat' dir='ltr'>materia</span> <span class='ocrx_word' id='word_1_215' title='bbox 572 1819 787 1870; x_wconf 87' lang='lat' dir='ltr'>corporalis</span> <span class='ocrx_word' id='word_1_216' title='bbox 808 1819 990 1858; x_wconf 88' lang='lat' dir='ltr'>omnium</span> <span class='ocrx_word' id='word_1_217' title='bbox 1010 1832 1141 1858; x_wconf 86' lang='lat' dir='ltr'>rerum</span> <span class='ocrx_word' id='word_1_218' title='bbox 1162 1818 1428 1869; x_wconf 87' lang='lat' dir='ltr'>corporalium</span> <span class='ocrx_word' id='word_1_219' title='bbox 1449 1826 1488 1858; x_wconf 87' lang='lat' dir='ltr'>et</span> <span class='ocrx_word' id='word_1_220' title='bbox 1508 1826 1568 1858; x_wconf 87' lang='lat' dir='ltr'>est</span> <span class='ocrx_word' id='word_1_221' title='bbox 1586 1829 1717 1869; x_wconf 37' lang='lat' dir='ltr'>Mater-ia</span> <span class='ocrx_word' id='word_1_222' title='bbox 1731 1837 1778 1854; x_wconf 68' lang='lat' dir='ltr'>cm-</span> 
     </span>
     <span class='ocr_line' id='line_1_29' title="bbox 81 1863 1705 1925; baseline -0.002 -9"><span class='ocrx_word' id='word_1_223' title='bbox 81 1884 174 1916; x_wconf 85' lang='lat' dir='ltr'>ante</span> <span class='ocrx_word' id='word_1_224' title='bbox 212 1875 654 1915; x_wconf 88' lang='lat' dir='ltr'>commensuracionem</span> <span class='ocrx_word' id='word_1_225' title='bbox 701 1873 945 1925; x_wconf 86' lang='lat' dir='ltr'>quantitatis,</span> <span class='ocrx_word' id='word_1_226' title='bbox 987 1882 1091 1921; x_wconf 87' lang='lat' dir='ltr'>ante,</span> <span class='ocrx_word' id='word_1_227' title='bbox 1137 1872 1299 1920; x_wconf 88' lang='lat' dir='ltr'>scilicet,</span> <span class='ocrx_word' id='word_1_228' title='bbox 1348 1872 1389 1911; x_wconf 92' lang='lat' dir='ltr'>in</span> <span class='ocrx_word' id='word_1_229' title='bbox 1427 1873 1568 1913; x_wconf 90' lang='lat' dir='ltr'>ordine</span> <span class='ocrx_word' id='word_1_230' title='bbox 1579 1863 1705 1896; x_wconf 60' lang='lat' dir='ltr'>ffl&#39;ral‘s&#39;</span> 
     </span>
     <span class='ocr_line' id='line_1_30' title="bbox 83 1927 1568 1981; baseline -0.003 -11"><span class='ocrx_word' id='word_1_231' title='bbox 83 1939 221 1970; x_wconf 90' lang='lat' dir='ltr'>nature</span> <span class='ocrx_word' id='word_1_232' title='bbox 259 1944 343 1970; x_wconf 89' lang='lat' dir='ltr'>non</span> <span class='ocrx_word' id='word_1_233' title='bbox 381 1929 582 1981; x_wconf 90' lang='lat' dir='ltr'>temporis,</span> <span class='ocrx_word' id='word_1_234' title='bbox 618 1930 681 1968; x_wconf 91' lang='lat' dir='ltr'>vel</span> <span class='ocrx_word' id='word_1_235' title='bbox 718 1936 812 1967; x_wconf 90' lang='lat' dir='ltr'>ante</span> <span class='ocrx_word' id='word_1_236' title='bbox 850 1928 1292 1966; x_wconf 79' lang='lat' dir='ltr'>commensuracionem</span> <span class='ocrx_word' id='word_1_237' title='bbox 1335 1927 1568 1978; x_wconf 87' lang='lat' dir='ltr'>quantitatis</span> 
     </span>
     <span class='ocr_line' id='line_1_31' title="bbox 83 1982 1569 2035; baseline -0.004 -9"><span class='ocrx_word' id='word_1_238' title='bbox 83 1985 345 2026; x_wconf 86' lang='lat' dir='ltr'>determinate</span> <span class='ocrx_word' id='word_1_239' title='bbox 364 1985 532 2035; x_wconf 88' lang='lat' dir='ltr'>alicujus</span> <span class='ocrx_word' id='word_1_240' title='bbox 559 1983 735 2035; x_wconf 89' lang='lat' dir='ltr'>corporis</span> <span class='ocrx_word' id='word_1_241' title='bbox 760 1982 953 2034; x_wconf 88' lang='lat' dir='ltr'>specialis,</span> <span class='ocrx_word' id='word_1_242' title='bbox 977 1989 1019 2020; x_wconf 91' lang='lat' dir='ltr'>ut</span> <span class='ocrx_word' id='word_1_243' title='bbox 1043 1989 1137 2020; x_wconf 88' lang='lat' dir='ltr'>ante</span> <span class='ocrx_word' id='word_1_244' title='bbox 1157 1983 1289 2020; x_wconf 91' lang='lat' dir='ltr'>celum</span> <span class='ocrx_word' id='word_1_245' title='bbox 1310 1989 1349 2020; x_wconf 90' lang='lat' dir='ltr'>et</span> <span class='ocrx_word' id='word_1_246' title='bbox 1370 1983 1569 2021; x_wconf 88' lang='lat' dir='ltr'>elementa</span> 
     </span>
     <span class='ocr_line' id='line_1_32' title="bbox 83 2036 1565 2092; baseline -0.003 -12"><span class='ocrx_word' id='word_1_247' title='bbox 83 2047 253 2092; x_wconf 86' lang='lat' dir='ltr'>quatuor</span> <span class='ocrx_word' id='word_1_248' title='bbox 266 2047 305 2079; x_wconf 91' lang='lat' dir='ltr'>et</span> <span class='ocrx_word' id='word_1_249' title='bbox 324 2041 456 2078; x_wconf 88' lang='lat' dir='ltr'>mixta.</span> <span class='ocrx_word' id='word_1_250' title='bbox 516 2041 623 2078; x_wconf 91' lang='lat' dir='ltr'>Ante</span> <span class='ocrx_word' id='word_1_251' title='bbox 642 2046 790 2085; x_wconf 89' lang='lat' dir='ltr'>tamen,</span> <span class='ocrx_word' id='word_1_252' title='bbox 811 2050 881 2088; x_wconf 90' lang='lat' dir='ltr'>per</span> <span class='ocrx_word' id='word_1_253' title='bbox 897 2036 1080 2076; x_wconf 89' lang='lat' dir='ltr'>ordinem</span> <span class='ocrx_word' id='word_1_254' title='bbox 1101 2043 1240 2076; x_wconf 89' lang='lat' dir='ltr'>nature</span> <span class='ocrx_word' id='word_1_255' title='bbox 1260 2049 1343 2075; x_wconf 91' lang='lat' dir='ltr'>non</span> <span class='ocrx_word' id='word_1_256' title='bbox 1364 2036 1565 2087; x_wconf 86' lang='lat' dir='ltr'>temporis,</span> 
     </span>
     <span class='ocr_line' id='line_1_33' title="bbox 26 2082 1568 2146; baseline -0.003 -12"><span class='ocrx_word' id='word_1_257' title='bbox 26 2108 67 2140; x_wconf 84' lang='lat'>30</span> <span class='ocrx_word' id='word_1_258' title='bbox 83 2096 176 2146; x_wconf 86' lang='lat' dir='ltr'>quia</span> <span class='ocrx_word' id='word_1_259' title='bbox 204 2096 280 2134; x_wconf 91' lang='lat' dir='ltr'>hec</span> <span class='ocrx_word' id='word_1_260' title='bbox 310 2093 474 2133; x_wconf 88' lang='lat' dir='ltr'>materia</span> <span class='ocrx_word' id='word_1_261' title='bbox 497 2082 562 2133; x_wconf 54' lang='lat' dir='ltr'>{st</span> <span class='ocrx_word' id='word_1_262' title='bbox 590 2106 651 2132; x_wconf 90' lang='lat' dir='ltr'>res</span> <span class='ocrx_word' id='word_1_263' title='bbox 671 2093 790 2143; x_wconf 87' lang='lat' dir='ltr'>hujus</span> <span class='ocrx_word' id='word_1_264' title='bbox 817 2092 984 2143; x_wconf 84' lang='lat' dir='ltr'>generis,</span> <span class='ocrx_word' id='word_1_265' title='bbox 1006 2090 1236 2130; x_wconf 87' lang='lat' dir='ltr'>substancia</span> <span class='ocrx_word' id='word_1_266' title='bbox 1265 2104 1466 2141; x_wconf 90' lang='lat' dir='ltr'>corporea,</span> <span class='ocrx_word' id='word_1_267' title='bbox 1489 2104 1568 2141; x_wconf 93' lang='lat' dir='ltr'>que</span> 
     </span>
     <span class='ocr_line' id='line_1_34' title="bbox 84 2145 1565 2199; baseline -0.003 -10"><span class='ocrx_word' id='word_1_268' title='bbox 84 2157 218 2189; x_wconf 86' lang='lat' dir='ltr'>tamen</span> <span class='ocrx_word' id='word_1_269' title='bbox 239 2157 370 2189; x_wconf 87' lang='lat' dir='ltr'>creata</span> <span class='ocrx_word' id='word_1_270' title='bbox 389 2148 462 2187; x_wconf 82' lang='lat' dir='ltr'>fuit</span> <span class='ocrx_word' id='word_1_271' title='bbox 481 2162 504 2187; x_wconf 88' lang='lat' dir='ltr'>a</span> <span class='ocrx_word' id='word_1_272' title='bbox 524 2147 720 2199; x_wconf 88' lang='lat' dir='ltr'>principio</span> <span class='ocrx_word' id='word_1_273' title='bbox 742 2145 882 2186; x_wconf 90' lang='lat' dir='ltr'>mundi</span> <span class='ocrx_word' id='word_1_274' title='bbox 903 2145 944 2184; x_wconf 88' lang='lat' dir='ltr'>in</span> <span class='ocrx_word' id='word_1_275' title='bbox 965 2147 1052 2185; x_wconf 90' lang='lat' dir='ltr'>celo</span> <span class='ocrx_word' id='word_1_276' title='bbox 1074 2152 1112 2184; x_wconf 90' lang='lat' dir='ltr'>et</span> <span class='ocrx_word' id='word_1_277' title='bbox 1132 2146 1341 2184; x_wconf 87' lang='lat' dir='ltr'>elementis</span> <span class='ocrx_word' id='word_1_278' title='bbox 1362 2153 1400 2184; x_wconf 90' lang='lat' dir='ltr'>et</span> <span class='ocrx_word' id='word_1_279' title='bbox 1422 2145 1565 2193; x_wconf 87' lang='lat' dir='ltr'>mixtis,</span> 
     </span>
     <span class='ocr_line' id='line_1_35' title="bbox 84 2199 1568 2255; baseline -0.003 -12"><span class='ocrx_word' id='word_1_280' title='bbox 84 2204 177 2255; x_wconf 87' lang='lat' dir='ltr'>quia</span> <span class='ocrx_word' id='word_1_281' title='bbox 204 2206 270 2244; x_wconf 68' lang='lat' dir='ltr'>&#39;res</span> <span class='ocrx_word' id='word_1_282' title='bbox 309 2202 463 2255; x_wconf 87' lang='lat' dir='ltr'>generis</span> <span class='ocrx_word' id='word_1_283' title='bbox 497 2216 578 2242; x_wconf 91' lang='lat' dir='ltr'>non</span> <span class='ocrx_word' id='word_1_284' title='bbox 610 2209 741 2253; x_wconf 89' lang='lat' dir='ltr'>potest</span> <span class='ocrx_word' id='word_1_285' title='bbox 775 2214 861 2240; x_wconf 89' lang='lat' dir='ltr'>esse</span> <span class='ocrx_word' id='word_1_286' title='bbox 890 2214 961 2251; x_wconf 90' lang='lat' dir='ltr'>per</span> <span class='ocrx_word' id='word_1_287' title='bbox 999 2201 1040 2239; x_wconf 87' lang='lat' dir='ltr'>se</span> <span class='ocrx_word' id='word_1_288' title='bbox 1061 2207 1120 2239; x_wconf 89' lang='lat' dir='ltr'>set</span> <span class='ocrx_word' id='word_1_289' title='bbox 1152 2213 1310 2250; x_wconf 85' lang='lat' dir='ltr'>semper</span> <span class='ocrx_word' id='word_1_290' title='bbox 1341 2199 1416 2239; x_wconf 89' lang='lat' dir='ltr'>sub</span> <span class='ocrx_word' id='word_1_291' title='bbox 1446 2200 1568 2239; x_wconf 87' lang='lat' dir='ltr'>altera</span> 
     </span>
     <span class='ocr_line' id='line_1_36' title="bbox 83 2253 1712 2309; baseline -0.003 -12"><span class='ocrx_word' id='word_1_292' title='bbox 83 2258 305 2309; x_wconf 88' lang='lat' dir='ltr'>specierum</span> <span class='ocrx_word' id='word_1_293' title='bbox 326 2271 486 2297; x_wconf 89' lang='lat' dir='ltr'>suarum</span> <span class='ocrx_word' id='word_1_294' title='bbox 506 2259 569 2296; x_wconf 92' lang='lat' dir='ltr'>vel</span> <span class='ocrx_word' id='word_1_295' title='bbox 590 2257 665 2296; x_wconf 91' lang='lat' dir='ltr'>sub</span> <span class='ocrx_word' id='word_1_296' title='bbox 686 2264 866 2306; x_wconf 87' lang='lat' dir='ltr'>utroque,</span> <span class='ocrx_word' id='word_1_297' title='bbox 882 2262 921 2294; x_wconf 93' lang='lat' dir='ltr'>et</span> <span class='ocrx_word' id='word_1_298' title='bbox 942 2256 1019 2294; x_wconf 89' lang='lat' dir='ltr'>hoc</span> <span class='ocrx_word' id='word_1_299' title='bbox 1040 2262 1098 2293; x_wconf 90' lang='lat' dir='ltr'>est</span> <span class='ocrx_word' id='word_1_300' title='bbox 1113 2267 1257 2304; x_wconf 88' lang='lat' dir='ltr'>corpus</span> <span class='ocrx_word' id='word_1_301' title='bbox 1273 2253 1505 2305; x_wconf 91' lang='lat' dir='ltr'>simpliciter</span> <span class='ocrx_word' id='word_1_302' title='bbox 1524 2262 1567 2293; x_wconf 88' lang='lat' dir='ltr'>ut</span> <span class='ocrx_word' id='word_1_303' title='bbox 1585 2259 1712 2300; x_wconf 36' lang='lat' dir='ltr'>Cprpu-s·</span> 
     </span>
     <span class='ocr_line' id='line_1_37' title="bbox 83 2295 1766 2363; baseline -0.003 -11"><span class='ocrx_word' id='word_1_304' title='bbox 83 2312 180 2352; x_wconf 88' lang='lat' dir='ltr'>dicit</span> <span class='ocrx_word' id='word_1_305' title='bbox 201 2313 277 2361; x_wconf 88' lang='lat' dir='ltr'>hic,</span> <span class='ocrx_word' id='word_1_306' title='bbox 299 2313 340 2352; x_wconf 88' lang='lat' dir='ltr'>id</span> <span class='ocrx_word' id='word_1_307' title='bbox 361 2321 430 2360; x_wconf 89' lang='lat' dir='ltr'>est,</span> <span class='ocrx_word' id='word_1_308' title='bbox 453 2324 597 2363; x_wconf 89' lang='lat' dir='ltr'>corpus</span> <span class='ocrx_word' id='word_1_309' title='bbox 627 2311 668 2349; x_wconf 90' lang='lat' dir='ltr'>in</span> <span class='ocrx_word' id='word_1_310' title='bbox 696 2311 903 2350; x_wconf 89' lang='lat' dir='ltr'>communi</span> <span class='ocrx_word' id='word_1_311' title='bbox 933 2317 971 2349; x_wconf 90' lang='lat' dir='ltr'>et</span> <span class='ocrx_word' id='word_1_312' title='bbox 1002 2309 1222 2348; x_wconf 87' lang='lat' dir='ltr'>universale</span> <span class='ocrx_word' id='word_1_313' title='bbox 1251 2309 1303 2348; x_wconf 91' lang='lat' dir='ltr'>ad</span> <span class='ocrx_word' id='word_1_314' title='bbox 1324 2308 1460 2347; x_wconf 88' lang='lat' dir='ltr'>omnia</span> <span class='ocrx_word' id='word_1_315' title='bbox 1487 2320 1569 2348; x_wconf 88' lang='lat' dir='ltr'>cor·</span> <span class='ocrx_word' id='word_1_316' title='bbox 1584 2295 1766 2327; x_wconf 54' lang='lat' dir='ltr'>”mphc‘tcr‘</span> 
     </span>
     <span class='ocr_line' id='line_1_38' title="bbox 26 2362 1569 2418; baseline -0.004 -10"><span class='ocrx_word' id='word_1_317' title='bbox 26 2375 66 2410; x_wconf 78' lang='lat'>35</span> <span class='ocrx_word' id='word_1_318' title='bbox 85 2379 192 2418; x_wconf 84' lang='lat' dir='ltr'>pora,</span> <span class='ocrx_word' id='word_1_319' title='bbox 215 2375 258 2406; x_wconf 94' lang='lat' dir='ltr'>ut</span> <span class='ocrx_word' id='word_1_320' title='bbox 278 2369 409 2407; x_wconf 89' lang='lat' dir='ltr'>celum</span> <span class='ocrx_word' id='word_1_321' title='bbox 431 2375 470 2406; x_wconf 87' lang='lat' dir='ltr'>et</span> <span class='ocrx_word' id='word_1_322' title='bbox 489 2365 730 2417; x_wconf 87' lang='lat' dir='ltr'>generabilia</span> <span class='ocrx_word' id='word_1_323' title='bbox 751 2373 790 2404; x_wconf 91' lang='lat' dir='ltr'>et</span> <span class='ocrx_word' id='word_1_324' title='bbox 817 2363 1098 2414; x_wconf 88' lang='lat' dir='ltr'>corruptibilia,</span> <span class='ocrx_word' id='word_1_325' title='bbox 1122 2362 1285 2412; x_wconf 80' lang='lat' dir='ltr'>scilieet,</span> <span class='ocrx_word' id='word_1_326' title='bbox 1298 2364 1350 2403; x_wconf 88' lang='lat' dir='ltr'>ad</span> <span class='ocrx_word' id='word_1_327' title='bbox 1370 2364 1569 2403; x_wconf 89' lang='lat' dir='ltr'>elementa</span> 
     </span>
     <span class='ocr_line' id='line_1_39' title="bbox 85 2418 1592 2469; baseline -0.003 -8"><span class='ocrx_word' id='word_1_328' title='bbox 85 2429 124 2461; x_wconf 87' lang='lat' dir='ltr'>et</span> <span class='ocrx_word' id='word_1_329' title='bbox 162 2423 294 2461; x_wconf 87' lang='lat' dir='ltr'>mixta.</span> <span class='ocrx_word' id='word_1_330' title='bbox 355 2424 406 2461; x_wconf 92' lang='lat' dir='ltr'>Et</span> <span class='ocrx_word' id='word_1_331' title='bbox 445 2422 538 2460; x_wconf 90' lang='lat' dir='ltr'>huic</span> <span class='ocrx_word' id='word_1_332' title='bbox 577 2419 780 2461; x_wconf 88' lang='lat' dir='ltr'>sentencie</span> <span class='ocrx_word' id='word_1_333' title='bbox 819 2420 1037 2459; x_wconf 86' lang='lat' dir='ltr'>concordat</span> <span class='ocrx_word' id='word_1_334' title='bbox 1069 2420 1245 2468; x_wconf 83' lang='lat' dir='ltr'>Averoys</span> <span class='ocrx_word' id='word_1_335' title='bbox 1279 2418 1419 2457; x_wconf 85' lang='lat' dir='ltr'>dicens</span> <span class='ocrx_word' id='word_1_336' title='bbox 1457 2418 1592 2469; x_wconf 77' lang='lat' dir='ltr'>quod⁴</span> 
     </span>
    </p>
   </div>
   <div class='ocr_carea' id='block_1_9' title="bbox 133 2552 532 2594">
    <p class='ocr_par' dir='ltr' id='par_1_9' title="bbox 133 2552 532 2594">
     <span class='ocr_line' id='line_1_40' title="bbox 133 2552 532 2594; baseline -0.005 -8"><span class='ocrx_word' id='word_1_337' title='bbox 133 2564 147 2585; x_wconf 93' lang='lat'>1</span> <span class='ocrx_word' id='word_1_338' title='bbox 172 2554 325 2594; x_wconf 85' lang='lat' dir='ltr'>Chapter</span> <span class='ocrx_word' id='word_1_339' title='bbox 341 2553 471 2584; x_wconf 84' lang='lat' dir='ltr'>lxxxvi.</span> <span class='ocrx_word' id='word_1_340' title='bbox 494 2552 532 2584; x_wconf 91' lang='lat' dir='ltr'>V.</span> 
     </span>
    </p>
   </div>
   <div class='ocr_carea' id='block_1_10' title="bbox 66 2644 1566 2763">
    <p class='ocr_par' dir='ltr' id='par_1_10' title="bbox 66 2644 1566 2763">
     <span class='ocr_line' id='line_1_41' title="bbox 71 2644 1566 2712; baseline -0.003 -9"><span class='ocrx_word' id='word_1_341' title='bbox 71 2694 82 2704; x_wconf 86' lang='lat'><strong>.</strong></span> <span class='ocrx_word' id='word_1_342' title='bbox 129 2645 158 2712; x_wconf 33' lang='lat'>9-</span> <span class='ocrx_word' id='word_1_343' title='bbox 173 2644 249 2702; x_wconf 73' lang='lat' dir='ltr'>The</span> <span class='ocrx_word' id='word_1_344' title='bbox 265 2670 394 2701; x_wconf 90' lang='lat' dir='ltr'>second</span> <span class='ocrx_word' id='word_1_345' title='bbox 412 2670 452 2701; x_wconf 88' lang='lat' dir='ltr'>of</span> <span class='ocrx_word' id='word_1_346' title='bbox 469 2669 567 2701; x_wconf 85' lang='lat' dir='ltr'>these</span> <span class='ocrx_word' id='word_1_347' title='bbox 584 2668 746 2709; x_wconf 88' lang='lat' dir='ltr'>readings</span> <span class='ocrx_word' id='word_1_348' title='bbox 763 2668 792 2700; x_wconf 86' lang='lat' dir='ltr'>is</span> <span class='ocrx_word' id='word_1_349' title='bbox 814 2669 887 2700; x_wconf 87' lang='lat' dir='ltr'>that</span> <span class='ocrx_word' id='word_1_350' title='bbox 911 2666 1047 2708; x_wconf 89' lang='lat' dir='ltr'>usually</span> <span class='ocrx_word' id='word_1_351' title='bbox 1065 2667 1184 2699; x_wconf 85' lang='lat' dir='ltr'>found.</span> <span class='ocrx_word' id='word_1_352' title='bbox 1234 2667 1263 2698; x_wconf 88' lang='lat' dir='ltr'>It</span> <span class='ocrx_word' id='word_1_353' title='bbox 1280 2666 1308 2699; x_wconf 90' lang='lat' dir='ltr'>is</span> <span class='ocrx_word' id='word_1_354' title='bbox 1326 2667 1439 2698; x_wconf 88' lang='lat' dir='ltr'>added</span> <span class='ocrx_word' id='word_1_355' title='bbox 1456 2666 1490 2698; x_wconf 89' lang='lat' dir='ltr'>in</span> <span class='ocrx_word' id='word_1_356' title='bbox 1507 2667 1566 2699; x_wconf 87' lang='lat' dir='ltr'>the</span> 
     </span>
     <span class='ocr_line' id='line_1_42' title="bbox 66 2727 1531 2763; baseline -0.004 -9"><span class='ocrx_word' id='word_1_357' title='bbox 66 2738 70 2741; x_wconf 92' lang='lat'>·</span> <span class='ocrx_word' id='word_1_358' title='bbox 87 2731 228 2763; x_wconf 77' lang='lat' dir='ltr'>margin.</span> <span class='ocrx_word' id='word_1_359' title='bbox 1524 2727 1531 2734; x_wconf 93' lang='lat'>·</span> 
     </span>
    </p>
   </div>
  </div>
 </body>
</html>
