1908 3126
314 2873 345 2926 De
323 2699 346 2855 essm-:cru

359 2797 390 2896 Lumz
369 2732 389 2779 ΑΙ)

413 2718 435 2909 PLANETAS.

484 2736 514 2898 Sumam

661 2742 700 2897 JumTER

928 2768 959 2873 MARS

1150 2784 1181 2856 Sor

1375 2761 1406 2886 vimus

1640 2712 1672 2931 Mcncumus

253 2407 301 2451 >k

360 2421 391 2584 Sl-:xrxus
367 2240 391 2406 ASPECTU.

484 2520 514 2601 Dies
483 2321 521 2502 fortunata,
482 2180 512 2306 bonum

534 2598 560 2649 est
529 2488 568 2584 jungi
539 2397 559 2472 cum
525 2179 558 2376 consulibus

579 2616 605 2649 et
573 2448 603 2587 senibus
578 2390 604 2423 et
581 2260 611 2366 agere
581 2180 601 2235 res

628 2576 649 2650 cum
618 2497 649 2557 eis.

662 2520 693 2602 Dies
661 2321 700 2510 laudabilis,
660 2180 690 2305 bonum

712 2599 737 2650 est
706 2488 746 2586 jungi
705 2371 745 2471 justis
704 2179 744 2351 judicibus

757 2617 782 2651 et
761 2444 791 2589 querere
751 2331 789 2419 quod
750 2181 788 2306 justum

800 2598 826 2650 cst
800 2541 826 2574 et
794 2349 825 2518 laudabile
793 2295 825 2328 in
793 2181 824 2273 omni

846 2486 880 2654 tempore.

928 2524 959 2605 Dies
927 2325 967 2511 laudabilis,
927 2183 957 2309 bonum

973 2560 1013 2657 jungi
973 2400 1004 2541 ducibus
976 2351 1002 2384 et
972 2182 1011 2333 regibus,

1018 2467 1058 2652 disponere
1017 2244 1055 2449 excercitus,
1016 2182 1046 2228 uti

1062 2551 1093 2654 armis
1067 2468 1093 2501 et
1066 2273 1092 2417 tractare
1060 2180 1091 2222 de

1106 2553 1138 2652 bello.

1151 2523 1182 2607 Dies
1150 2325 1189 2507 fortunata,
1149 2181 1179 2305 bonum

1195 2561 1234 2656 jungi
1195 2344 1226 2543 consulibus
1198 2294 1224 2327 et
1194 2182 1224 2273 seni-

1240 2592 1270 2653 bus
1250 2533 1270 2572 ac
1239 2377 1278 2515 regibus
1237 2182 1278 2358 potestati-

1285 2589 1315 2652 bus
1283 2365 1323 2575 principibus
1288 2315 1313 2348 et
1287 2180 1322 2300 petere

1328 2416 1369 2651 principatum.

1372 2523 1403 2604 Dies
1371 2302 1410 2491 laudabilis,
1370 2182 1410 2279 jungi

1416 2474 1456 2656 juvenibus
1422 2420 1447 2452 et
1416 2232 1446 2395 militibus
1420 2180 1445 2214 et

1471 2508 1500 2651 querere
1461 2180 1492 2473 dileccionem.et

1510 2405 1537 2654 ornamentum.

1638 2522 1669 2606 Dies
1637 2320 1678 2510 laudabilis,
1637 2180 1668 2307 bonum

1688 2598 1713 2651 est
1683 2516 1713 2550 in
1692 2432 1713 2473 ea
1686 2181 1721 2392 computare,

1756 2673 1766 2682 ,
1727 2486 1763 2651 scribere,
1730 2434 1757 2468 et
1726 2320 1766 2416 jungi
1736 2180 1757 2303 consu-

1770 2554 1811 2650 libus,
1770 2266 1811 2502 scriptoribus,

1815 2465 1855 2653 disponere
1824 2332 1855 2448 opera.

1776 2179 1802 2213 et

1885 2661 1899 2668 Ι
1888 2617 1899 2624 0
1894 2348 1897 2349 ,
1890 2190 1897 2202 »τ

247 1887 292 1930 Δ

356 1939 386 2082 Tamus
363 1738 386 1924 ASPECTUS.

479 2014 509 2097 Dies
478 1809 516 2001 laudabilis,
477 1671 507 1799 bonum

529 2092 554 2143 est
524 2040 554 2075 in
534 1981 554 2021 ea
522 1790 562 1963 edificare,
521 1670 561 1766 plan-

574 2060 608 2144 tare,
573 1983 599 2016 et
578 1876 598 1931 res
567 1670 605 1829 antiquas

623 2029 651 2144 agere.

657 2013 688 2097 Dies
656 1812 687 1991 laudabilis
657 1749 686 1791 ad
665 1671 686 1729 au-

703 2031 741 2142 genda
703 1904 742 1994 justa
701 1741 740 1868 judicia
704 1671 730 1705 et

756 2008 777 2144 ornnem
747 1848 785 1971 justam
744 1672 785 1811 inquisi—

791 2012 821 2145 cionem
796 1940 821 1975 et
800 1802 821 1903 omne
799 1672 829 1759 opus

835 2020 866 2143 bonum
840 1961 865 1994 et
834 1746 865 1936 amiciciam
843 1675 864 1727 se-

881 1995 910 2144 cundum
879 1853 910 1975 Deum.

924 2017 955 2100 Dies
922 1809 955 1989 laudabilis
923 1672 953 1778 sortu-

973 2059 1008 2147 nata,
969 1904 999 2031 bonum
968 1785 1007 1883 jungi
967 1672 1006 1758 regi-

1013 2083 1043 2145 bus
1018 2024 1044 2063 vet
1023 1885 1043 1998 emere
1012 1730 1043 1858 bestias
1016 1672 1042 1705 et

1062 1998 1089 2146 tractare
1058 1937 1088 1979 de
1056 1820 1089 1920 bello.

1147 2015 1177 2098 Dies
1145 1814 1185 1999 laudabilis,
1145 1673 1176 1798 bonum

1195 2092 1221 2157 ·est
1192 2030 1221 2063 in
1201 1962 1221 2003 ea
1191 1842 1230 1938 jungi
1190 1672 1220 1812 senibus

1240 2111 1265 2145 et
1235 1960 1274 2098 regibus
1240 1916 1266 1949 et
1235 1791 1266 1905 colere
1240 1672 1265 1781 terras

1285 2112 1310 2145 et
1279 1919 1320 2103 disponere
1279 1800 1310 1912 omnia
1289 1675 1318 1793 opera.

1368 2016 1409 2099 Dies
1368 1813 1406 2002 laudabilis,
1368 1674 1398 1798 bonum

1418 2093 1443 2145 est
1413 1976 1445 2070 indui
1413 1860 1444 1957 novis
1412 1674 1450 1839 vestibus,

1457 2019 1495 2145 ornari,
1463 1935 1489 1969 et
1456 1761 1488 1889 nubere
1461 1673 1487 1707 et

1512 2042 1533 2145 omne
1506 1777 1533 2016 ornamentum
1511 1673 1541 1753 que-

1556 2066 1577 2143 rere
1557 1947 1578 2048 causa
1546 1721 1578 1930 dileccionis.

1635 2012 1666 2095 Dies
1634 1812 1675 2001 laudabilis,
1634 1670 1665 1797 bonum

1680 2051 1719 2147 jungi
1679 1766 1720 2004 scriptoribus,
1679 1671 1709 1724 fir—

1734 2049 1755 2143 mare
1729 1880 1764 2028 pactum,
1723 1768 1764 1863 jungi
1732 1669 1754 1750 con-

1768 2003 1809 2145 sulibus,
1773 1918 1799 1951 et
1768 1672 1809 1860 disponere

1822 2027 1854 2145 opera.

1883 2066 1899 2126 ,ὶ”,.
1890 1983 1894 2004 -
1883 1747 1905 1942 ν’·’ν-νί-Α(
1893 1710 1898 1714 .
1885 1669 1895 1678 ⁴

1883 1618 1895 1658 .J-
1887 1565 1897 1568 5
1886 1471 1887 1475 „
1883 1322 1897 1358 >J
1886 1245 1898 1290 .-.·<·

250 1380 285 1415 [1

352 1276 391 1515 QUADRATUS.

476 1507 506 1588 Dies
477 1328 508 1490 timenda.
475 1160 506 1293 Caven-

521 1555 551 1633 dum
526 1453 551 1506 est
522 1381 551 1413 in
531 1300 551 1340 ea
519 1162 559 1258 jungi

566 1495 605 1633 regibus
570 1443 596 1477 et
564 1233 605 1430 potentibus
574 1160 594 1221 seu

610 1471 640 1634 divitibus
610 1304 640 1454 omnino.

654 1504 685 1587 Dies
654 1311 685 1490 laudabilis
653 1160 692 1303 adjusta

699 1503 737 1635 agenda
704 1444 729 1478 et
698 1162 738 1419 inquisicionem

743 1461 783 1635 sapiencie
748 1394 774 1428 et
753 1290 774 1361 rem
752 1162 781 1262 quam

788 1567 819 1637 vult
787 1379 818 1544 occultari
792 1327 818 1361 et
786 1161 817 1308 maxime

832 1612 863 1639 si
832 1470 863 1571 suerit
832 1357 871 1431 ipse
831 1161 867 1314 occultus

877 1573 907 1637 sub
877 1453 908 1556 radiis
877 1345 908 1435 solis.

921 1506 952 1590 Dies
921 1286 959 1450 cavenda,
920 1161 951 1249 'non

965 1511 996 1637 bonum
966 1394 1005 1491 jungi
965 1212 996 1373 divitibus
970 1159 995 1193 et

1010 1499 1050 1635 regibus
1022 1476 1048 1483 ;
1011 1264 1041 1451 cavendum
1010 1214 1040 1247 in
1020 1160 1040 1199 ea

1065 1536 1085 1636 omne
1059 1430 1094 1519 opus
1055 1380 1085 1413 in
1065 1296 1094 1362 quo
1064 1160 1094 1278 spera-

1104 1581 1129 1635 tur
1099 1430 1131 1566 bonum.

1144 1506 1174 1589 Dies
1142 1293 1174 1471 laudabilis
1142 1164 1173 1255 omni

1188 1542 1228 1636 operi
1189 1480 1218 1508 si
1188 1348 1218 1450 fuerit
1187 1244 1217 1322 luna
1197 1162 1217 1215 re-

1238 1540 1272 1638 cepta
1244 1515 1263 1522 τ
1232 1448 1263 1476 si
1243 1332 1272 1410 non,
1232 1165 1262 1294 nullum

1277 1511 1307 1637 bonum
1282 1439 1307 1490 set
1277 1250 1307 1400 cavenda
1280 1164 1306 1217 est

1321 1606 1351 1637 in
1321 1494 1352 1586 omni
1332 1360 1361 1477 opere.

1367 1506 1396 1589 Dies
1365 1303 1404 1493 laudabilis,
1365 1164 1395 1289 bonum

1415 1584 1441 1636 est
1421 1451 1441 1567 emere
1420 1314 1441 1433 servos
1414 1266 1440 1300 et
1409 1162 1440 1254 indui

1455 1538 1486 1635 novis
1455 1351 1494 1514 vestibus,
1454 1159 1485 1329 adducere

1500 1446 1540 1636 operarios,
1499 1297 1530 1410 ornari
1508 1160 1528 1259 orna-

1544 1498 1583 1634 mentis,
1544 1410 1574 1455 uti
1543 1232 1574 1363 balneis
1546 1159 1572 1193 et

1588 1458 1619 1634 delectari.

1632 1502 1663 1586 Dies
1631 1300 1672 1490 laudabilis,
1632 1159 1662 1284 bonum

1676 1496 1708 1632 mittere
1677 1323 1716 1482 cartulas,
1680 1158 1708 1308 tractare

1721 1589 1752 1632 de
1721 1383 1761 1573 scripturis,
1721 1244 1752 1369 sedere
1730 1157 1750 1232 curn

1765 1407 1806 1633 sapientibus,
1770 1355 1796 1389 et
1764 1269 1796 1335 hiis
1764 1157 1795 1247 simi-

1809 1536 1842 1633 libus.

251 840 273 929 0—0

348 785 380 990 Oppos1c1o.

472 994 502 1078 Dies
472 811 503 963 cavenda
471 748 501 782 in
481 651 502 720 orn-

517 1024 547 1123 nibus
518 843 558 1007 operibus
521 796 547 829 et
516 652 546 780 nullum

562 1092 591 1124 in
572 1018 591 1058 ea
567 933 593 985 est
563 775 592 900 bonum
570 649 600 736 opus

605 919 638 1125 faciendum.

650 994 682 1077 Dies
650 793 682 972 laudabilis
649 741 679 774 in
660 652 680 723 om-

695 1023 726 1123 nibus
695 813 735 998 operibus3
694 650 725 776 bonum

745 1071 771 1124 est
740 948 780 1046 jungi
739 715 780 914 potentibus
743 649 768 683 et

790 1005 824 1125 peterc
785 812 816 987 veritatem
788 756 814 790 et
784 648 823 736 quod

829 998 869 1131 justum
833 917 861 979 est.

919 995 949 1076 Dies
918 813 948 965 cavenda
918 755 948 788 in
927 652 947 723 om-

963 1024 994 1122 nibus
963 836 1002 996 operibus
968 779 993 812 et
962 720 993 752 in
972 651 992 690 ea

1008 995 1038 1125 nullum
1007 854 1038 978 bonum
1012 771 1039 834 est.

1141 996 1172 1079 Dies
1141 812 1172 963 cavenda
1144 722 1170 775 est
1139 651 1169 684 in

1186 967 1216 1128 omnibus
1185 763 1225 925 operibus
1184 651 1223 731 quia

1231 999 1261 1127 nullum
1230 851 1261 975 bonum
1234 772 1260 824 est
1228 720 1259 754 iu
1239 652 1259 702 ea.

1364 994 1394 1077 Dies
1363 791 1402 982 laudabilis,
1362 651 1393 777 bonum

1418 1009 1440 1124 emere
1418 856 1446 989 servos,
1407 743 1438 835 indui
1417 650 1437 725 ves-

1453 972 1485 1125 timentis
1452 827 1488 938 novis,
1452 752 1482 795 uti
1461 651 1481 716 me-

1496 896 1528 1123 dicaminibus
1495 651 1536 842 digestivis⁷

1543 1095 1573 1123 si
1542 1034 1572 1066 in
1542 821 1581 1005 scorpione
1539 648 1581 795 opponi-

1592 1058 1618 1122 tur.

1630 992 1662 1075 Dies
1629 786 1669 979 mediocris,
1629 741 1659 773 in
1639 648 1659 725 con-

1672 950 1706 1121 vencione
1675 723 1714 928 scriptorum
1683 648 1703 698 re-

1729 1031 1759 1121 gum,
1724 976 1751 1010 et
1719 839 1750 959 horum
1718 649 1751 825 similium.

250 341 272 407 0——

347 253 385 492 CONJUNCC10.

470 482 501 564 Dies
470 393 501 458 ista
470 217 501 369 cavenda
474 139 500 192 est

517 578 546 611 in
515 381 545 537 omnibus
520 308 545 341 et
514 139 544 266 nullum

561 486 591 613 bonum
565 414 590 467 est
560 364 590 397 in
570 295 590 346 ea.

648 482 679 564 Dies
647 271 679 450 laudabilis
648 140 678 233 omni

693 515 733 611 operi
699 462 724 496 et
693 307 733 445 proprie
693 260 723 294 in
692 140 722 245 minu-

739 511 768 612 cione
737 305 777 497 sanguinis,
741 256 767 290 et
737 139 767 244 medi-

782 423 813 611 caminibus
786 376 812 410 et
781 140 812 363 ceterissimi-

827 513 858 610 libus.

915 484 946 568 Dies
915 303 946 455 cavenda
914 240 945 275 in
924 138 944 207 om-

960 513 990 612 uibus
960 323 1000 488 operibus
959 228 999 305 quia
959 138 989 211 nul-

1005 547 1035 613 lum
1005 401 1035 527 bonum
1010 329 1035 382 est
1004 277 1034 311 in
1014 208 1034 259 ca.

1138 528 1168 566 ln
1138 432 1168 494 hac
1137 344 1168 400 die
1136 250 1167 313 erit
1136 139 1166 220 luna

1182 552 1213 614 sub
1183 423 1222 537 radiis,
1181 278 1212 407 nullum
1181 139 1211 266 bonum

1227 550 1258 614 nisi
1227 490 1257 522 in
1227 396 1257 461 hiis
1236 308 1266 373 que
1235 138 1256 281 necesse

1277 533 1302 612 sunt
1271 352 1302 515 occultari
1275 304 1300 336 et
1269 140 1309 289 contegi.

1360 590 1361 593 Α
1359 480 1391 565 Dies
1358 274 1390 455 laudabilis
1358 137 1389 246 omni-

1406 548 1436 613 bus
1404 344 1444 507 operibus
1409 277 1434 311 et
1413 138 1443 236 pere-

1449 407 1490 612 grinacioni‚
1449 340 1479 388 uti
1447 142 1486 314 militibus,

1504 495 1525 611 emere
1493 342 1524 479 subtilia
1497 283 1523 317 et
1497 138 1531 257 petere

1548 459 1570 612 uxorem.
1541 353 1543 359 ‘
1535 308 1538 310 ’

1626 481 1657 564 Dies
1624 278 1666 467 laudabilis,
1625 138 1656 264 bonum

1671 519 1711 615 jungi
1670 232 1710 458 scriptoribus
1675 137 1699 171 et

1714 318 1755 611 computatoribus
1720 263 1744 296 et
1724 138 1752 241 agere

1760 495 1791 610 omnia
1769 365 1799 479 opera.

1018 36 1097 66 112
