1908 3126
155 385 344 453 Incipit
365 387 584 454 quidam
610 393 865 441 tractatus
895 391 1061 442 brevis
1082 398 1128 443 et
1151 395 1292 445 utilis
1315 395 1392 445 ad
1413 395 1571 446 decla·
1595 417 1606 437 1
1627 419 1657 440 a·

90 469 320 522 randum
368 472 591 539 quedam
639 474 850 525 obscure
897 476 1032 526 dicta
1089 480 1142 528 iu
1199 479 1329 529 libro
1376 479 1569 531 Secreti

85 554 413 606 Secretorum
456 556 766 620 Aristotilis,
808 576 960 625 quem
1004 562 1196 613 librum
1239 563 1400 614 edidit
1439 564 1569 616 Ari-

84 639 273 690 stotiles
287 639 364 690 aa'
368 648 545 707 preces
562 640 868 693 Alexandri
887 643 1078 712 Magni
1100 648 1154 696 iu
1173 665 1274 697 sua
1293 653 1569 709 senectute,·

47 748 63 780 5
84 741 234 791 quem
282 729 563 776 tractatum
590 726 724 789 fecit
746 728 934 791 frater
977 729 1222 797 Rogerus
1267 731 1458 784 Bacuu
1506 733 1568 783 de

83 798 266 859 ordine
291 810 556 860 minorum
591 811 783 862 iutuitu
817 814 1054 865 caritatis
1078 815 1155 865 ad
1177 817 1564 868 instructionem

82 893 418 960 quorundam
434 896 742 962 sapientum.
785 895 956 961 Quem
977 902 1274 962 tractatum,
1296 902 1339 951 si
1359 903 1568 968 sapieus

82 978 351 1029 intueatur
365 983 411 1029 et
428 978 549 1029 bene
567 981 745 1030 omnia
771 981 1032 1045 discuciat,
1059 1001 1167 1035 una
1194 1002 1310 1036 cum
1339 986 1565 1037 notabili-

81 1062 176 1113 bus
193 1080 291 1130 que
310 1065 519 1131 ipsemet
519 1063 705 1127 frater
720 1064 966 1132 Rogerus
981 1069 1160 1134 posuit
1179 1077 1345 1136 supra
1371 1074 1563 1121 textum

24 1148 134 1198 :eiu
171 1148 349 1200 multis
384 1149 505 1199 locis
540 1153 586 1199 et
620 1148 851 1214 diversis,
894 1152 1115 1203 inveniet
1153 1153 1338 1205 ultima
1377 1160 1566 1205 nature

79 1238 268 1285 secreta
302 1233 379 1284 ad
408 1251 506 1301 que
537 1234 693 1285 liomo
716 1235 823 1286 sive
845 1235 1087 1288 liumaua
1118 1239 1348 1289 iuvencio
1377 1239 1431 1289 iu
1466 1239 1566 1290 lzac

81 1318 184 1369 vita
214 1319 405 1387 poterit
435 1319 718 1386 pervenire,
773 1318 850 1369 ad
892 1336 989 1386 que
1036 1322 1355 1389 quiscunque
1394 1329 1567 1390 posset

74 1402 375 1470 pertingere,
416 1420 530 1454 vere
559 1403 798 1471 princeps
831 1403 1015 1454 muudi
1047 1406 1238 1471 poterit
1275 1407 1555 1458 nominari.

78 1485 188 1538 Nec
210 1486 437 1556 desperet
459 1489 576 1556 quis
594 1492 806 1556 propter
835 1488 1200 1554 difficultatem,
1231 1493 1482 1558 quoniam
1516 1495 1560 1543 si

23 1595 58 1628 ¹5
79 1577 304 1625 naturas
329 1591 507 1625 rerum
537 1575 837 1641 cognoverit,
867 1575 1143 1626 scienciam
1169 1577 1488 1643 perspective,
1519 1583 1565 1627 et

78 1659 472 1722 astronomiam,
503 1660 604 1710 ista
628 1663 819 1710 secreta
847 1676 949 1709 uon
972 1663 1217 1726 poterunt
1239 1677 1357 1711 eum
1384 1660 1555 1713 latere.

76 1742 146 1794 Et
167 1741 321 1794 habet
342 1744 567 1812 capitula
598 1748 860 1812 (septem).

130 1879 360 1932 Capitulum
385 1880 557 1932 primum
578 1881 629 1920 de
649 1893 769 1919 causa
790 1881 907 1930 hujus
928 1881 1070 1932 operiS,
1093 1888 1131 1919 et
1152 1881 1202 1919 de
1222 1881 1419 1920 erroribus
1446 1882 1558 1921 falso-

76 1947 162 1974 rum
184 1935 557 1975 mathematicorum
578 1935 786 1986 quomodo
808 1934 990 1985 judicant
1016 1934 1323 1983 certudinaliter,
1354 1942 1393 1974 et
1419 1935 1557 1975 dicunt

20 2009 58 2032 20
76 1989 210 2029 omnia
230 1989 387 2029 evenire
407 1991 458 2029 de
478 1990 725 2029 necessitate.

129 2045 359 2095 Capitulum
381 2045 604 2084 secundum
628 2044 680 2083 de
700 2044 801 2083 veris
829 2042 1119 2082 mathematicis
1143 2045 1351 2094 quomodo
1374 2044 1556 2094 judicant

75 2098 148 2138 sub
182 2098 422 2139 condicione
460 2099 728 2149 supponendo
760 2097 927 2137 liberum
966 2097 1171 2136 arbitrium
1202 2111 1285 2137 non
1318 2111 1436 2149 posse
1467 2099 1555 2150 cogi

75 2160 133 2192 set
167 2153 347 2192 inclinari
378 2161 417 2193 et
452 2153 611 2193 excitari
645 2166 715 2203 per
743 2152 1085 2200 constellaciones‚
1118 2159 1156 2191 et
1186 2153 1405 2203 quomodo,
1435 2161 1474 2192 et
1504 2155 1555 2192 de

74 2209 309 2248 necessitate
329 2207 489 2248 scientis
510 2207 657 2247 medici
676 2220 747 2258 pro
768 2206 1113 2258 complexionibus
1134 2207 1360 2246 alterandis.

0 2283 1 2315 g
19 2283 55 2316 ²5
128 2262 359 2314 Capitulum
379 2262 545 2302 tercium
566 2263 617 2302 de
638 2261 755 2301 dietis
775 2269 813 2301 et
834 2262 946 2300 factis
968 2263 1156 2301 falsorum
1181 2262 1553 2301 mathematicorum

0 2346 1 2349 =
73 2324 112 2357 et
131 2317 364 2357 demonum.

126 2371 358 2423 Capitulum
388 2379 571 2422 quartum
602 2372 653 2410 de
682 2370 799 2410 dictis
828 2378 866 2410 et
895 2372 1008 2410 factis
1038 2383 1219 2410 verorum
1255 2371 1554 2410 mathematico-

74 2438 170 2474 rum,
193 2435 232 2466 et
251 2439 330 2477 que
350 2425 544 2465 mirabilia
558 2435 726 2476 possunt
742 2427 870 2465 facere
885 2439 977 2464 cum
1001 2425 1202 2475 adjutorio
1216 2424 1309 2464 artis
1326 2425 1525 2465 medicine
1544 2442 1550 2464 ε

2 2511 3 2523 ,
73 2482 278 2530 quomodo
298 2480 481 2521 videlicet
505 2481 720 2519 alterantur
739 2479 1037 2530 complexiones
1058 2487 1097 2519 et
1119 2479 1386 2527 meliorantur,
1409 2488 1489 2518 tam
1511 2480 1551 2519 in

2 2542 3 2548 ¹
16 2559 56 2590 30
74 2535 250 2575 moribus
270 2549 390 2587 quam
412 2535 453 2574 in
473 2534 689 2585 sapientia:
720 2542 758 2574 et
780 2535 904 2585 tangit
924 2534 1064 2573 ultima
1090 2542 1241 2573 secreta
1267 2535 1318 2572 ad
1345 2547 1423 2585 que
1443 2536 1551 2573 solus

73 2589 227 2640 sapiens
249 2589 429 2629 medicus
450 2589 592 2640 poterit
613 2589 828 2640 pervenire.

116 2695 238 2727 Anote
252 2701 285 2726 at
296 2695 367 2727 soot
379 2701 472 2734 says,
486 2697 493 2711 ‘
507 2694 641 2725 Titulus
655 2694 779 2725 dicitur
791 2705 810 2725 a
826 2694 846 2710 “
859 2694 941 2724 titan
953 2694 972 2710 '³
987 2694 1100 2725 Grece
1118 2694 1207 2733 quod
1220 2699 1272 2724 est
1288 2694 1371 2725 “sol
1384 2693 1403 2711 ''
1416 2693 1548 2734 Latine,

60 2748 149 2789 'quia
164 2749 251 2780 sicut
266 2748 318 2779 sol
335 2747 500 2779 illuminat
515 2747 690 2792 mundum,
710 2747 756 2777 ita
775 2747 894 2778 titulus
909 2746 1072 2778 illuminat
1089 2750 1123 2778 et
1140 2746 1335 2778 manifestat
1350 2745 1497 2778 librum.¹

138 2827 149 2849 ι
156 2827 200 2849 ⁶⁹0
793 2812 820 2844 B
