1908 3126
787 110 867 153 123

148 213 208 254 Et
229 212 314 254 alia
332 212 485 267 planta
507 226 592 266 que
615 212 775 254 dicitm
793 213 1027 262 macrason,
1044 219 1087 253 et
1109 212 1187 253 hec
1211 219 1275 253 est
1298 212 1565 253 validissima
1584 221 1608 245 x
1623 220 1726 280 plant¹
1716 219 1807 246 vhich

87 283 143 324 ad
165 295 364 323 amorem
387 289 430 324 et
453 283 760 324 reverenciam.
1583 263 1667 281 cause
1705 262 1768 280 ωε

146 350 187 393 O
220 351 492 399 Alexander,
527 351 685 406 perfeci
716 352 797 392 tibi
829 353 950 406 quod
980 351 1161 405 promisi
1190 351 1270 392 tibi
1300 351 1491 401 recitare,
1522 357 1566 392 et
1584 361 1857 429 ξέωῑὶιὸιὲοὲιῑεέἲιζθπ

87 419 196 462 solvi
212 421 343 475 plena
360 420 596 468 solucione,
610 427 705 462 esto
721 435 825 476 elgo
839 435 1012 475 semper
1026 421 1245 462 virtuosus
1259 427 1298 462 t1
1303 421 1566 475 iumphator‚
1585 436 1697 457 secrets.

51 510 68 542 5
88 498 131 531 et
163 490 286 531 Deus
317 490 536 545 gloriosus
568 496 612 532 te
645 497 769 544 regat
799 498 843 532 et
873 490 1034 545 dirigat
1065 497 1108 531 et
1131 490 1380 540 custodiat;
1412 489 1537 545 cujus
1566 488 1570 543 l

88 560 334 602 bonitatem
358 560 500 601 omnis
523 560 719 614 percepit
740 567 953 601 creatura.
1587 579 1629 611 94
1647 579 1673 599 a.

153 691 402 752 Capitulum
437 703 489 747 ..5
542 692 594 732 dc
643 691 917 733 mirabilibus
943 691 1124 745 justicie
1165 698 1207 732 et
1240 691 1292 732 de
1334 691 1451 731 bonis
1491 704 1570 743 que
1803 673 1856 724 A

89 769 331 832 pascuntur
363 776 416 803 er
447 763 552 816 {pseu

161 859 331 901 Usticia
368 865 435 900 est
476 860 807 901 commendacio
843 858 953 914 (sive
989 857 1208 914 condicio)
1244 858 1478 900 laudabilis
1515 858 1569 898 de
1590 861 1677 888 What
1691 860 1784 894 Justi
1776 869 1801 885 e
1815 859 1846 885 is

158 928 502 983 pioprietatibus
535 929 755 970 Altissimi
785 929 996 983 simplicis
1027 935 1071 969 et
1102 928 1294 981 gloriosi
1358 928 1492 969 Unde
1525 933 1568 968 et

91 1012 273 1053 regnum
316 999 450 1040 debet
485 1013 580 1041 esse
622 999 716 1052 ejus
753 1012 885 1052 quem
922 998 1045 1039 Deus
1085 997 1217 1052 elegit
1255 1004 1298 1038 et
1339 996 1569 1038 constituit

89 1082 219 1122 super
240 1081 388 1110 servos
405 1082 519 1120 SUOS,
537 1069 607 1110 cui
626 1068 946 1110 committenda
962 1074 1065 1109 sunt
1087 1067 1270 1122 negocia
1292 1073 1335 1108 et
1357 1066 1571 1120 regimina

90 1138 382 1189 subditorum,
400 1139 474 1192 qui
497 1139 631 1180 debet
654 1137 864 1192 speculari
887 1144 930 1178 et
952 1138 1184 1178 defendere
1206 1136 1505 1191 possessiones
1527 1142 1571 1176 et

92 1208 274 1249 divicias
291 1221 342 1249 ac
359 1208 621 1262 sanguinem
639 1208 914 1248 subditoium
931 1213 976 1248 et
990 1201 1141 1248 ’omnia
1162 1219 1296 1259 opera
1319 1205 1573 1254 eorundem,

34 1293 72 1326 ¹5
92 1278 203 1318 sicut
221 1277 329 1319 deus
345 1291 511 1318 eorum.
574 1277 722 1331 Ergo'
712 1290 754 1317 1n
768 1277 852 1318 hoc
866 1276 1174 1318 assimilandus
1189 1282 1255 1317 est
1270 1275 1381 1325 Deo,
1404 1281 1448 1316 et
1470 1275 1570 1315 ideo
1589 1274 1746 1336 ξὶὶζζξξὲἓῑῖο
1760 1308 1834 1335 god

92 1352 269 1401 oportet
291 1359 440 1400 iegem
470 1346 699 1387 assimilari
730 1353 773 1386 et
796 1346 958 1387 imitari
982 1345 1263 1386 Altissimum
1295 1345 1338 1386 in
1368 1345 1572 1386 omnibus
1609 1378 1612 1381 .

93 1417 181 1458 suis
212 1417 433 1471 operibus.
509 1416 632 1458 Deus
653 1429 758 1457 vero
780 1416 954 1470 sapiens
976 1422 1043 1458 est
1073 1422 1207 1470 atque
1233 1415 1387 1466 sciens,
1411 1420 1454 1455 et
1478 1413 1573 1468 ejus

94 1487 350 1541 preconium
366 1486 379 1510 ¹
403 1493 448 1528 et
473 1486 566 1541 ejus
595 1486 773 1527 nomina
796 1485 989 1540 gloriosa
1010 1492 1113 1527 sunt
1141 1486 1184 1525 in
1209 1485 1316 1539 ipso,
1340 1491 1384 1526 et
1407 1483 1573 1537 magni-

94 1557 205 1597 tudo
226 1556 321 1611 ejus
343 1556 529 1597 dominii
552 1556 694 1610 major
717 1562 784 1597 est
806 1556 1009 1597 omnibus
1031 1562 1075 1597 et
1105 1569 1238 1610 supra
1267 1554 1574 1597 comendacio-

36 1642 76 1665 20
94 1640 210 1678 nem,
224 1640 328 1682 ergo
343 1633 387 1668 et
401 1627 623 1681 sapiencia
637 1626 731 1681 ejus
745 1633 809 1668 est
825 1640 955 1682 supra
971 1640 1148 1668 omnem
1164 1624 1574 1668 comendacionem:

93 1697 360 1738 contrarium
383 1696 477 1751 ejus
492 1696 508 1721 ²
530 1696 688 1751 injuria
715 1703 759 1738 et
781 1696 874 1750 ejus
895 1697 1150 1752 oppositum
1174 1702 1241 1736 est
1264 1694 1494 1748 injusticia.

153 1766 205 1807 In
227 1766 404 1820 justicia
435 1767 680 1809 extiterunt
710 1767 788 1808 celi
821 1768 956 1808 creati
989 1772 1033 1807 et
1063 1765 1292 1807 constituti
1321 1771 1420 1806 sunt
1442 1778 1575 1818 super
1592 1768 1863 1830 ggffihhffivgffngffi

95 1843 257 1878 terram
274 1852 282 1877 ε
316 1837 359 1877 in
377 1835 554 1890 justicia
575 1837 716 1878 eciam
733 1836 849 1877 missi
869 1836 1042 1877 fuerunt
1059 1835 1276 1889 prophete
1292 1833 1572 1876 sanctissimi.
1593 1837 1754 1871 oniustice·

95 1905 279 1959 Justicia
291 1912 441 1948 autem
455 1915 522 1948 est
536 1907 675 1947 forma
689 1906 938 1948 intellectus
952 1919 1085 1959 quam
1100 1904 1264 1945 creavit
1280 1904 1402 1945 Deus
1416 1902 1574 1956 glorio-

37 1990 76 2022 25
95 1988 180 2026 sus,
203 1981 248 2017 et
268 1976 477 2029 perduxit
498 1976 751 2031 c1·e}aturam
778 1989 903 2017 suam
926 1976 983 2016 ad
1007 1975 1163 2028 ipsum,
1183 1980 1228 2015 et
1257 1987 1334 2028 per
1351 1972 1574 2027 justiciam
1593 1982 1635 2013 94
1652 1972 1683 2002 b·

95 2044 300 2087 edificata
330 2052 396 2086 est
427 2051 543 2087 terra
571 2052 615 2086 et
646 2044 874 2087 constituti
912 2051 1014 2086 sunt
1048 2057 1182 2097 reges,
1213 2048 1257 2084 et
1290 2042 1502 2084 obediunt
1531 2047 1575 2082 et
1592 2038 1762 2108 JTffiggffsse
1774 2038 1807 2065 0f

98 2113 449 2156 domesticantur
477 2115 666 2165 subditi3
699 2128 778 2168 per
810 2115 951 2168 ipsam
983 2113 1248 2154 domesticat
1279 2110 1502 2153 terribile8
1532 2116 1576 2151 et
1629 2159 1634 2165 ἡ

99 2184 426 2238 appropinquat
460 2183 715 2233 remotums*
747 2190 790 2225 et
822 2183 1049 2224 salvantur
1080 2182 1226 2224 anime
1260 2187 1304 2222 et
1337 2181 1577 2222 liberantur

96 2254 154 2294 ab
175 2254 294 2295 omni
318 2253 440 2306 vicio,
466 2261 509 2295 et
532 2267 637 2308 erga
660 2267 785 2308 reges
812 2266 914 2294 suos
937 2252 992 2293 ab
1013 2251 1131 2293 omni
1154 2250 1428 2306 corupcione.

37 2415 80 2447 30
153 2403 162 2422 ¹
193 2403 316 2450 aliter,
337 2416 372 2440 a.
391 2399 626 2454 (preconia).
972 2401 984 2420 ²
1013 2399 1174 2448 scilicet,
1201 2398 1289 2438 Dei.

150 2456 163 2476 ³
193 2455 352 2505 scilicet,
376 2457 510 2497 hostes
531 2465 569 2496 et
590 2455 751 2495 inimici.

153 2514 166 2532 ⁴
195 2519 237 2550 ut
256 2520 394 2562 gentes
414 2519 567 2551 remote
586 2524 610 2550 a
627 2510 742 2561 justis
762 2510 919 2561 regibus
940 2517 979 2549 et
998 2508 1302 2561 imperatoribus
1323 2507 1579 2547 veneruntad

97 2565 320 2605 amiciciam
341 2579 480 2605 eorum
507 2574 545 2605 et
566 2565 863 2616 subjeccionem
896 2571 1055 2616 propter
1082 2562 1281 2614 justiciam
1311 2575 1448 2601 eorum
1480 2562 1581 2600 sicut

98 2620 260 2660 historie
280 2622 438 2660 docent.

145 2752 163 2788 7'
189 2749 288 2780 Book
307 2748 372 2789 111,
388 2749 539 2789 Chapter
555 2748 670 2781 lxxxv.
693 2746 727 2780 V.
