1908 3126
34 488 97 515 The
111 487 190 514 three
204 486 276 514 divi-

34 523 111 550 sions
124 522 157 548 of

33 558 221 589 Astronomy:

37 609 74 640 (1)
93 607 157 634 The
169 606 244 634 ordi-

34 651 125 669 nance
139 641 171 668 of
181 641 228 667 the

33 677 159 704 heavens
172 676 229 702 and

35 717 117 738 stars.
153 710 217 737 The

33 745 151 773 Science
164 745 197 771 of

31 781 215 812 Astronomy.

31 833 69 863 (2)
89 831 151 857 The
164 830 261 856 knou-

31 866 116 899 ledge
129 865 161 892 of
171 865 220 890 the

31 900 120 939 rising
133 899 190 926 and

30 934 139 967 setting
151 933 184 960 of
193 932 279 966 signs.

32 967 271 1037 ffliss‘ssffissff

29 1046 72 1079 (3)
86 1045 149 1071 The
163 1044 281 1071 Science

31 1080 64 1106 of
73 1080 122 1106 the
136 1079 266 1113 Spheres.

211 1134 250 1166 52
269 1125 301 1156 b.

31 1194 94 1221 The
108 1194 228 1221 number
241 1194 273 1221 of

31 1229 107 1256 fixed
121 1235 202 1256 stars.

28 1917 92 1943 The
106 1915 231 1943 sciences

30 1960 104 1977 were
118 1951 284 1977 discovered

30 1985 70 2019 by
83 1985 132 2011 the
145 1985 230 2019 Jews.

29 2261 108 2289 Seth.

32 2360 130 2387 Noah.

30 2482 128 2510 Babel.

1044 76 1098 118 62

322 198 365 234 et
400 192 552 233 multis
581 191 676 232 aliis
706 191 845 241 bonis,
870 191 926 232 de
952 190 1198 232 commissis
1222 191 1398 232 veniam
1431 190 1729 245 implorantes,
1759 191 1814 232 de

325 263 519 304 reatibus
541 262 802 317 penitentes,
825 267 868 302 et
891 267 996 302 tunc
1018 261 1245 302 verissime
1259 259 1273 283 1
1297 267 1364 302 est
1386 262 1508 315 quod
1524 261 1650 310 Deus
1672 257 1813 303 otnni—

325 340 484 388 potens
499 347 602 374 ave1
606 339 669 374 tet
682 332 740 373 ab
754 332 816 373 eis
830 333 950 386 quod
966 332 1192 386 trepidant
1206 338 1249 373 et
1265 331 1520 373 formidant.
1555 332 1815 384 Redeamus
1851 365 1853 372 .

325 418 433 460 ergo
456 406 513 446 ad
536 404 761 457 inceptum
783 416 1047 444 sermonem.

386 475 630 517 Sciendum
654 487 761 528 ergo
782 473 903 526 quod
931 472 1203 516 astronomia
1226 472 1438 514 dividitur
1465 472 1508 513 in
1536 479 1624 514 tres
1650 478 1811 527 partes,
1832 490 1851 524 5

323 545 542 594 videlicet,
575 544 616 585 in
651 543 976 585 ordinacionem
1009 543 1202 584 celorum
1236 549 1280 583 et
1313 557 1553 597 sperarum,
1576 549 1620 583 et
1652 543 1696 583 in
1727 543 1813 584 dis-

326 616 597 670 posicionem
631 614 911 669 planetarum
937 620 981 654 et
1016 613 1279 654 divisionem
1316 613 1544 668 signorum
1579 620 1622 655 et
1660 627 1813 654 eorum

326 686 658 741 elongacionem
693 690 738 725 et
769 686 826 726 de
858 684 948 725 suis
982 683 1190 735 motibus,
1214 691 1258 726 et
1284 684 1370 726 ista
1394 697 1497 738 pars
1519 683 1814 726 Astronomie

324 763 508 798 vocatur
531 755 747 798 Sciencia.
811 752 1019 795 Secunda
1050 768 1150 809 pars
1182 759 1249 795 est
1280 754 1337 795 de
1365 753 1582 808 qualitate
1604 761 1648 796 et
1680 754 1814 796 modo

324 826 625 882 cognoscendi
673 831 845 867 motum
895 824 1177 874 firmamenti,
1220 830 1367 866 ortum
1411 824 1641 880 signorum
1683 837 1850 879 super1

324 897 454 938 rebus
483 895 715 950 empericis
733 894 748 917 2
773 902 1012 949 antequam
1041 893 1146 936 fiant
1175 895 1258 936 sub
1285 894 1568 937 firmamento
1591 894 1749 945 Lune,3
1770 901 1814 936 et
1848 941 1860 948 ρ

323 968 404 1010 hec
437 967 630 1008 secunda
665 980 767 1020 pars
801 966 963 1007 dicitur
994 965 1290 1008 Astronomia
1322 965 1414 1006 sive
1453 965 1814 1018 Sciencia·Judi-

322 1039 501 1082 ciorum.
566 1039 626 1079 Et
656 1038 834 1092 dignior
865 1050 965 1092 pars
992 1036 1264 1078 astronomie
1287 1042 1353 1077 est
1377 1036 1567 1078 sciencia
1597 1035 1653 1077 de
1674 1035 1814 1077 tribus

323 1111 463 1162 rebus,
483 1110 662 1158 scilicet,
690 1108 697 1164 Ι
725 1109 781 1151 de
811 1108 960 1162 speris,
989 1107 1192 1162 planetis,
1215 1113 1260 1149 et
1288 1107 1439 1162 signis.
1503 1105 1660 1150 Scias4
1681 1107 1816 1162 igitur

322 1181 443 1235 quod
491 1179 571 1221 fixi
615 1179 796 1234 planete
841 1185 942 1220 sunt
983 1189 1124 1220 ,1022.
1163 1177 1220 1219 de
1264 1177 1425 1231 quibus
1465 1190 1612 1219 meam
1651 1177 1732 1218 tibi
1771 1177 1865 1219 in1‘

322 1251 517 1305 quadam
550 1256 676 1305 parte
708 1249 806 1290 libri
839 1248 970 1303 hujus
1000 1249 1055 1289 ad
1087 1247 1262 1303 plenum
1295 1249 1470 1290 tradam
1505 1247 1789 1289 doct1-inam.⁵

388 1369 616 1438 Explicit
646 1375 784 1436 pars
825 1367 1007 1434 prima
1050 1365 1210 1433 lmjzts
1245 1365 1364 1416 libri
1402 1364 1464 1416 de
1507 1381 1689 1431 regum
1733 1381 1814 1416 va-

322 1457 500 1507 rietate
524 1459 570 1504 et
595 1452 829 1504 moribus
853 1456 898 1501 et
924 1452 1187 1518 regimine.

376 1589 387 1609 ¹
419 1589 494 1635 vel,
515 1584 739 1626 verisimile.

375 1643 388 1663 ²
417 1642 540 1690 aliter,
564 1640 736 1680 entibus.

374 1699 387 1719 ³
416 1698 427 1736 i
440 1711 486 1737 e.
509 1697 584 1736 sub
608 1698 722 1735 Luna
743 1707 822 1745 que
842 1701 901 1733 est
921 1693 961 1731 in
982 1694 1247 1731 firmamento.

373 1755 386 1774 ⁴
417 1752 635 1792 Sciendum
657 1751 768 1801 quod
788 1750 864 1788 hec
884 1762 973 1800 pars
994 1746 1253 1787 Astronomie
1274 1759 1356 1785 non
1377 1754 1435 1785 est
1455 1747 1588 1786 adhuc
1610 1748 1809 1795 translata,

320 1818 358 1848 et
379 1807 555 1859 loquitur
575 1808 627 1846 de
653 1805 727 1844 illis
757 1803 879 1843 stellis
910 1810 1078 1863 tantum,
1102 1809 1298 1853 quantum
1329 1801 1531 1852 quantitas
1561 1809 1692 1853 potest
1721 1801 1810 1842 sciri

320 1878 390 1915 per
411 1864 675 1902 instrumenta
695 1859 952 1906 astronomie,
975 1857 1069 1909 quia
1089 1857 1165 1896 alie
1186 1864 1278 1896 sunt
1300 1856 1623 1896 innumerabiles

419 1918 638 1958 Sciendum
661 1929 755 1966 ergo
775 1915 886 1966 quod
908 1913 1089 1953 infideles
1103 1913 1333 1964 philosophi
1355 1925 1437 1951 non
1451 1911 1689 1951 invenerunt
1705 1913 1810 1951 hanc
1855 1918 1860 1921 ’

320 1973 536 2014 scienciam
551 1986 626 2011 nec
641 1972 738 2010 alias
754 1978 885 2022 partes
901 1969 1201 2015 Mathematice‚
1212 1974 1255 2006 ut
1271 1966 1545 2006 Geometriam
1560 1974 1599 2007 et
1613 1966 1811 2006 Arithme-

321 2029 452 2077 ticam,
475 2041 551 2067 nec
571 2028 668 2066 alias
690 2024 896 2072 sciendas,
919 2032 977 2063 set
1000 2026 1112 2067 Deus
1134 2023 1246 2062 dedit
1268 2035 1335 2061 eas
1355 2023 1437 2061 suis
1460 2021 1608 2061 sanctis
1630 2029 1668 2062 et
1693 2023 1809 2083 justis

320 2083 507 2131 Hebreis,
524 2097 547 2122 a
568 2081 727 2142 quibus
744 2093 886 2119 omnes
907 2078 1137 2131 philosophi
1167 2078 1349 2117 infideles
1380 2077 1607 2116 habuerunt
1627 2077 1809 2116 omnium

318 2139 581 2178 scienciarum
603 2135 809 2188 principia,
832 2143 874 2174 ut
891 2134 988 2174 dicit
1009 2133 1200 2184 capitulo·
1206 2132 1335 2184 primo
1357 2133 1535 2171 secunde
1551 2131 1672 2184 partis
1691 2133 1809 2183 hujus

318 2194 419 2233 libri.
480 2195 585 2232 Nam
607 2193 810 2243 Josephus
831 2189 940 2237 dicit,
963 2189 1093 2240 primo
1110 2188 1212 2227 libro
1232 2188 1542 2238 Antiqmtatmn,
1564 2188 1674 2238 quod
1699 2189 1808 2227 Deus
1828 2202 1847 2235 3

320 2249 410 2288 filiis
441 2249 532 2287 Ade
562 2247 604 2286 in
633 2247 812 2285 secunda
841 2243 1105 2296 generacione
1136 2256 1205 2294 per
1235 2243 1332 2282 Seth
1362 2243 1474 2282 dedit
1495 2242 1552 2281 eis
1581 2243 1712 2282 vivere
1739 2255 1809 2293 per

319 2311 529 2343 sexcentos
555 2315 683 2341 annos
703 2308 865 2352 propter
892 2299 1084 2351 gloriosas
1114 2296 1307 2337 sciencias
1328 2297 1368 2335 in
1389 2296 1536 2348 quibus
1557 2298 1806 2345 studuerunt,

319 2358 516 2406 videlicet,
541 2355 815 2397 Geometriam
838 2363 876 2394 et
898 2352 1209 2394 Astronomiam.
1282 2354 1333 2391 Et
1355 2353 1470 2391 Noee
1497 2359 1535 2391 et
1563 2351 1632 2390 filii
1659 2353 1745 2403 ejus
1769 2360 1808 2391 et

322 2414 528 2452 Habraam
550 2413 774 2452 docuerunt
794 2410 880 2449 illas
901 2409 1095 2448 sciencias
1115 2415 1205 2459 post
1230 2407 1435 2446 diluvium
1509 2407 1615 2445 Nam
1638 2407 1753 2446 Noee
1769 2415 1808 2446 et

319 2467 550 2529 progenitus
580 2467 666 2517 ejus
683 2467 775 2505 Sem
797 2466 1022 2504 docuerunt
1040 2461 1339 2502 Astronomiam
1370 2462 1499 2512 primo
1519 2460 1560 2500 in
1583 2461 1804 2510 Babssonia,
1826 2471 1845 2504 3

320 2523 482 2571 scilicet,
505 2522 545 2560 in
566 2529 668 2561 terra
695 2520 761 2560 illa
784 2527 875 2571 post
902 2519 1109 2566 diluvium,
1129 2525 1171 2556 ut
1202 2518 1321 2556 docet
1352 2517 1594 2556 Albumazar
1623 2519 1674 2555 .6.
1705 2516 1807 2556 libro

318 2577 605 2616 Introductorzo
637 2589 678 2614 tn
712 2575 1019 2622 Astronomtam,
1048 2581 1086 2612 et
1116 2585 1210 2611 cum
1241 2571 1296 2611 eis
1327 2570 1498 2610 maxime
1519 2571 1808 2622 primogenitus

319 2633 424 2680 Sem,
447 2631 548 2670 sicut
578 2630 724 2670 dicitur
752 2629 792 2668 in
822 2630 990 2680 prologo
1024 2627 1319 2678 Consposzflczom's
1347 2626 1569 2665 Astrolabiz
1596 2625 1804 2665 Ptolomei.
1853 2644 1863 2653 -

364 2759 384 2788 3
410 2748 484 2780 End
502 2747 541 2779 of
555 2747 739 2779 Discourse
759 2745 803 2777 11.
