1908 3126
790 109 818 149 li

193 223 363 262 habeam
411 230 540 273 partes
588 229 665 262 tres
714 222 932 274 sapientiae
977 232 1014 262 et
1059 222 1363 274 Philosophicae
1404 223 1574 262 universi

193 277 344 316 mundi.

140 331 251 370 Hinc
288 331 522 371 admiranda
560 333 735 371 evadunt
778 345 908 382 opera,
954 345 1056 382 quae
1098 332 1149 370 ad
1191 332 1365 371 eundem
1408 333 1572 370 modum

192 386 459 425 instituuntur.
521 386 623 424 Mihi
654 399 745 425 vero
785 387 876 425 ideo
906 400 1054 425 nomen
1095 385 1299 425 Hermetis
1329 386 1574 435 Trismegisti

192 440 422 490 impositum
478 440 561 487 fuit,
612 442 722 491 quod
771 440 887 479 trium
937 442 1076 480 mundi
1125 440 1350 491 Sapientiae
1404 440 1573 490 partium

195 496 346 534 Doctor
374 496 645 545 deprehensus
675 509 776 533 sum.

83 581 244 622 Section
262 584 291 621 P
313 581 394 634 (pp.
419 597 434 621 1
446 597 460 621 1
470 585 544 622 8-2
551 581 604 635 3),
622 584 667 620 de
679 583 872 632 lapidibus
884 589 920 621 et
932 583 1213 632 vegetabilibus.
1243 582 1332 620 The
1345 582 1509 632 chapter
1524 595 1576 620 on

29 649 247 686 wonderful
268 656 402 687 stones
423 648 455 686 is
476 649 594 687 taken
616 649 717 687 from
739 649 805 687 the
821 647 968 687 Arabic
989 649 1089 686 form
1111 649 1155 686 of
1171 648 1238 686 the
1261 648 1334 686 ‘de
1355 646 1576 697 lapidibus'

28 713 187 763 already
207 714 377 753 referred
398 721 439 752 to
461 714 515 764 (p.
538 713 659 766 xlvii),
681 727 723 752 as
745 715 812 753 the
833 714 1032 763 following
1053 720 1220 752 extracts
1242 714 1361 751 show.

83 792 105 829 3
112 777 201 830 5728.
276 781 347 818 Est
379 779 543 830 quidam
578 781 676 818 alter
706 779 805 830 lapis
844 779 912 829 qui
952 791 993 817 se
1030 786 1253 829 gestantem
1292 778 1435 817 exaltat
1475 776 1575 816 inter

29 843 225 893 homines,
249 853 288 884 et
308 845 415 884 hunc
437 844 730 884 nominavimus
752 843 792 882 in
812 843 891 882 alio
912 844 1012 882 loco.

84 911 204 960 376¹2.
266 909 473 961 Expositio
493 909 635 960 lapidis
651 909 720 960 qui
741 910 962 948 occultatur
982 909 1033 947 de
1053 907 1118 947 die
1139 915 1177 947 et
1197 915 1359 958 apparet
1374 908 1424 947 de
1446 918 1575 947 nocte.

30 976 111 1015 Iste
140 976 238 1026 lapis
269 975 467 1015 invenitur
495 975 535 1014 in
566 977 663 1014 mari
693 976 885 1025 hyspania
914 988 1039 1025 prope
1060 975 1238 1014 Offanos.
1300 976 1352 1012 Et
1381 973 1488 1012 istud
1518 983 1576 1012 est

29 1055 135 1081 mare
155 1042 265 1092 quod
295 1041 587 1080 nominavimus
618 1040 658 1079 in
689 1041 766 1079 hoc
795 1039 896 1079 libro
925 1041 1036 1090 quod
1056 1039 1196 1079 crescit
1225 1038 1265 1077 in
1295 1052 1377 1078 uno
1398 1047 1576 1089 tempore

28 1108 121 1145 anni
141 1116 182 1164 et
203 1109 281 1146 exit
301 1106 404 1157 ripas
422 1136 434 1147 .
456 1137 465 1147 .
489 1137 497 1146 .

85 1173 204 1222 37630.
264 1174 302 1210 N
308 1185 386 1211 unc
434 1170 733 1210 nominabimus
778 1172 982 1221 quendam
1027 1169 1203 1220 lapidem
1251 1182 1373 1220 quem
1414 1170 1577 1208 laudare

28 1239 223 1277 volumus.
299 1239 381 1276 Iste
410 1238 508 1288 lapis
529 1237 625 1276 levis
646 1244 705 1276 est
721 1244 982 1286 supernatans
1010 1249 1124 1286 aque,
1157 1237 1208 1274 de
1235 1243 1354 1274 nocte
1375 1243 1577 1285 separatur

26 1317 51 1342 a
71 1304 196 1343 fundo
224 1317 328 1354 aque
356 1304 409 1342 ad
439 1301 693 1353 superficium
723 1304 808 1352 ejus
829 1303 869 1341 id
891 1310 949 1340 est
979 1315 1097 1352 super
1116 1300 1259 1340 faciem
1287 1314 1390 1351 aque
1410 1309 1575 1351 apparet

27 1371 80 1409 de
99 1378 229 1408 nocte.
288 1371 340 1408 Et
360 1369 523 1419 quando
544 1369 603 1407 sol
624 1367 762 1418 incipit
782 1367 873 1406 oriri
903 1376 942 1406 et
971 1367 1070 1417 lapis
1098 1366 1342 1417 immergitur
1369 1366 1411 1404 in
1430 1379 1575 1416 aquam

27 1449 78 1474 ne
99 1443 281 1486 tangatur
299 1449 323 1474 a
343 1435 426 1474 sole
446 1434 697 1473 descendens
717 1434 769 1472 ad
791 1434 960 1472 fundum
982 1434 1179 1471 deductus
1200 1445 1307 1470 nunc
1328 1433 1575 1471 dextrorsum

28 1514 136 1540 nunc
155 1499 422 1540 sinistrorsum
440 1500 558 1538 undis
578 1507 617 1538 et
637 1507 757 1538 vento
773 1499 904 1537 donec
926 1497 965 1536 in
981 1499 1105 1536 fundo
1127 1498 1361 1548 perveniens
1381 1496 1423 1535 in
1442 1496 1577 1546 aliquo

28 1568 118 1606 loco
138 1574 238 1606 terre
258 1567 450 1616 quiescat.
508 1567 560 1604 Et
589 1565 754 1614 quando
775 1565 834 1602 sol
865 1563 1006 1602 iterum
1038 1561 1177 1613 incipit
1206 1561 1397 1601 declinari
1417 1570 1456 1600 et
1476 1562 1576 1612 lapis

28 1632 167 1684 incipit
187 1631 330 1672 elevari
350 1630 540 1683 paulatim
561 1630 617 1669 sic
637 1638 681 1669 ut
700 1638 791 1681 post
817 1629 910 1668 solis
931 1639 1119 1668 occasum
1149 1641 1267 1679 supra
1293 1641 1440 1678 aquam
1459 1640 1578 1678 appa-

27 1707 120 1738 reat.
179 1698 220 1738 Si
239 1698 328 1749 quis
347 1696 545 1748 acceperit
564 1710 612 1736 ex
632 1697 710 1735 hoc
730 1695 864 1747 lapide
884 1703 961 1734 tres
981 1696 1166 1745 dragmas
1187 1702 1226 1733 et
1246 1694 1358 1733 collis
1379 1707 1574 1744 equorum

27 1765 244 1815 suspendat
259 1777 342 1803 non
362 1770 549 1814 poterunt
565 1761 721 1801 hinnire
734 1760 925 1812 quamdiu
939 1762 991 1799 ad
1007 1761 1156 1799 collum
1173 1759 1384 1799 habuerint
1403 1758 1575 1809 lapidem

27 1843 277 1880 suspensum.
337 1830 453 1868 Idem
473 1841 635 1879 quoque
655 1827 801 1867 accidit
821 1828 873 1866 de
892 1826 978 1865 aliis
1000 1825 1148 1865 bestiis.
1209 1827 1315 1864 Nam
1337 1837 1578 1876 quecunque

28 1895 203 1946 lapidem
233 1896 285 1934 ad
315 1896 458 1934 collem
486 1907 604 1933 suum
629 1907 868 1944 suspensum
893 1891 1074 1931 habuerit
1095 1905 1178 1931 non
1198 1890 1342 1942 poterit
1363 1889 1577 1929 vociferare

29 1963 91 2000 vel
112 1960 263 2012 mugire
283 1959 476 2011 quamdiu
496 1973 586 1999 eum
609 1959 663 1998 ita
687 1957 830 1998 tulerit.
889 1958 1116 1996 Alexander
1142 1955 1318 2007 precepit
1346 1954 1576 1994 hominibus

29 2027 91 2066 sui
109 2026 303 2066 exercitus
322 2027 434 2077 quod
452 2025 693 2064 animalibus
714 2025 795 2063 suis
820 2025 1053 2074 adaptarent
1078 2024 1152 2061 hos
1181 2021 1333 2072 lapides
1354 2029 1398 2060 ut
1424 2020 1576 2060 dictum

28 2102 100 2143 est,
126 2102 170 2133 ut
192 2093 431 2132 animalibus
456 2105 538 2131 non
565 2091 803 2131 facientibus
827 2091 1043 2129 tumultum
1073 2087 1268 2135 clamoris,
1300 2101 1383 2126 non
1412 2086 1577 2126 haberet

28 2161 255 2200 Alexander
277 2158 612 2210 impedimentum
632 2158 764 2197 donec
784 2165 888 2196 esset
909 2169 1025 2206 supra
1046 2153 1229 2193 inimicos
1249 2167 1343 2192 suos
1364 2161 1464 2191 nutu
1485 2153 1578 2191 Dei.

84 2225 291 2278 Expositio
325 2224 469 2276 lapidis
498 2224 567 2274 qui
596 2225 818 2262 occultatur
848 2224 898 2262 de
928 2229 1047 2261 nocte
1076 2228 1114 2260 et
1142 2227 1305 2271 apparet
1335 2220 1386 2258 de
1415 2218 1481 2257 die
1502 2249 1510 2256 .
1534 2250 1542 2256 .
1568 2248 1576 2256 .

29 2292 194 2331 Bonitas
223 2291 256 2330 si
276 2292 441 2341 quidem
472 2290 590 2340 hujus
625 2288 767 2340 lapidis
802 2297 861 2328 est
892 2286 1063 2338 quodwi
1092 2298 1307 2337 suspensus
1338 2284 1453 2323 fuerit
1473 2284 1578 2322 collo

27 2357 155 2397 bestie
174 2370 256 2396 non
277 2355 448 2396 cessabit
467 2357 638 2394 clamare
655 2356 877 2393 secundum
899 2351 1179 2404 proprietatem
1195 2350 1256 2390 sui
1276 2349 1365 2389 soni
1385 2349 1576 2400 quamdiu

25 2425 77 2464 ad
97 2424 245 2462 collum
266 2422 448 2460 habuerit
467 2422 519 2460 de
539 2420 604 2460 die
624 2428 663 2459 et
683 2421 734 2459 de
755 2427 885 2458 nocte.

82 2490 258 2539 Chapter
279 2489 346 2526 III
377 2500 431 2526 on
455 2487 692 2526 marvellous
719 2487 848 2536 plants
868 2490 952 2536 (pp.
979 2480 1153 2534 119-21)
1173 2482 1245 2520 has
1270 2494 1322 2519 an
1348 2479 1576 2529 interesting

25 2562 198 2594 account
213 2555 258 2592 of
273 2555 341 2592 the
360 2551 492 2591 action
509 2552 554 2590 of
564 2552 632 2590 the
652 2552 806 2602 planets
820 2564 873 2589 on
890 2548 1094 2600 vegetable
1114 2547 1192 2585 life.
1253 2548 1289 2585 It
1310 2545 1341 2584 is
1361 2546 1578 2585 somewhat

27 2620 271 2669 noteworthy
287 2619 372 2657 that
385 2619 425 2656 in
442 2619 509 2656 the
523 2615 669 2656 Arabic
689 2624 770 2654 text
784 2617 851 2654 the
871 2613 1063 2664 principle
1079 2614 1124 2651 of
1139 2611 1292 2661 fluidity
1309 2610 1340 2649 is
1361 2610 1578 2649 attributed

27 2694 70 2725 to
102 2685 272 2736 Jupiter,
308 2691 489 2733 contrary
520 2690 561 2721 to
595 2682 662 2720 the
700 2681 828 2719 whole
866 2680 1029 2718 scheme
1063 2679 1108 2716 of
1140 2676 1391 2726 astrological
1424 2677 1573 2724 theory.

19 2737 159 2800 'Philip
180 2757 346 2788 restores
367 2748 396 2786 it
416 2755 457 2786 to
480 2749 677 2796 Mercury.

84 2816 259 2866 Chapter
293 2815 353 2853 IV
392 2812 475 2866 (pp.
520 2810 668 2864 121-3)
708 2810 799 2850 with
842 2810 891 2848 its
934 2810 997 2848 list
1036 2809 1081 2847 of
1118 2808 1246 2858 magic
1285 2807 1413 2857 plants
1452 2805 1577 2844 defles

764 2876 793 2917 d
818 2887 842 2918 2
