1908 3126
791 163 844 203 45

73 274 137 309 est
151 267 374 309 dimittere
391 265 594 316 offensas,
611 273 654 307 et
673 279 756 307 non
779 267 996 319 inquirere
1014 265 1069 305 de
1086 262 1268 306 occultis
1287 269 1552 304 secretorum

74 350 153 379 nec
177 338 382 378 reducere
405 337 459 376 ad
485 336 741 376 memoriam
766 335 987 375 donativa.

132 406 255 448 Sicut
288 407 341 446 dc
368 418 527 459 genere
556 405 773 445 bonorum
804 411 882 453 cst,
910 412 952 445 et
983 405 1037 445 dc
1065 403 1313 445 substancia
1342 402 1553 442 virtutum
1576 416 1802 449 Kinglyvirtues

75 488 352 517 remunerare
389 473 639 524 eme1·itos¹,
676 475 897 515 remittere
934 474 1152 526 injuriam,
1188 480 1231 514 et
1268 472 1552 513 honorandos
1573 452 1766 478 euumemed‘

36 561 52 592 5
74 547 303 593 honorare.
318 544 510 585 venerari
528 545 813 591 venerandos
832 543 1064 584 subvenire
1078 541 1364 595 simplicibus,
1382 540 1554 594 suplere

73 614 268 656 defectus
299 611 306 668 l
341 613 657 664 innocencium,
701 612 995 654 salutantibus
1038 611 1312 665 respondere,
1356 611 1552 665 linguam
1573 621 1666 661 391>-

74 685 319 738 reprimere,
354 682 558 736 injuriam
603 683 658 722 ad
698 689 874 735 tempus
912 681 1197 728 dissimulare,
1232 687 1275 721 et
1317 679 1553 721 stulticiam

73 753 195 795 stulti
220 750 398 806 fugere²
425 760 468 793 et
493 753 704 806 ignorare.

135 823 278 863 Docui
308 835 413 875 crgo
442 829 485 862 te
515 835 600 874 que
628 835 802 875 semper
831 821 1025 863 solebam
1054 821 1213 861 docere
1239 826 1282 860 et
1309 820 1352 860 in
1378 824 1555 872 pectore
1573 826 1813 893 {ffioxsrgwgffiwos

17 906 55 927 10
72 899 148 933 tuo
171 893 387 933 seminare
407 905 416 931 :
448 905 553 945 gero
576 891 724 944 itaque
742 890 945 932 fiduciam
962 890 1080 944 quod
1105 890 1424 930 documentum
1448 888 1555 929 illud
1575 894 1703 921 wisdom·

74 962 152 1002 erit
186 962 228 1001 in
262 961 347 1002 tuis
378 961 459 1001 viis
491 968 533 1001 et
565 960 770 1014 operibus
803 961 889 1001 tuis
922 959 1096 1002 claritas
1128 972 1303 1012 semper
1333 958 1483 999 lucens
1516 964 1559 998 et

74 1031 287 1072 sufficiens
323 1031 507 1071 sciencia
541 1032 596 1084 agl
634 1038 709 1072 tua
745 1030 957 1084 regimina
978 1036 1086 1077 ,toto
1118 1036 1320 1082 tempore
1350 1028 1438 1068 vite
1472 1034 1558 1068 tue.

73 1101 419 1154 Verumptamen
461 1101 561 1141 dico
603 1100 682 1141 tibi
727 1100 988 1153 sapienciam
1034 1097 1390 1153 philosophicam
1433 1097 1558 1138 abre-

73 1158 251 1211 viatam.
318 1170 376 1210 Et
400 1170 434 1209 si
459 1183 682 1223 nunquam
711 1170 923 1210 dixissem
953 1169 1035 1222 (vel
1063 1167 1298 1221 dedissem)
1323 1166 1442 1208 aliud
1476 1166 1557 1207 nisi

19 1250 54 1282 ¹5
74 1253 262 1294 sequens
305 1240 621 1280 documentum
665 1239 757 1286 tibi.
800 1240 981 1280 deberet
1023 1237 1222 1279 sufficere
1269 1238 1310 1277 in
1352 1236 1557 1300 omni-bus

74 1308 279 1364 operibus
302 1309 389 1350 tuis
413 1309 455 1349 in
478 1309 560 1350 hoc
583 1308 734 1349 seculo
757 1314 800 1349 et
823 1307 982 1349 futuro.

138 1394 388 1449 Capitulum
413 1406 462 1448 .7.
487 1394 537 1435 de
565 1394 781 1436 intellccln
810 1401 852 1434 cs
884 1393 990 1434 baua
1007 1395 1144 1447 fama
1173 1391 1450 1445 acquirenda,
1479 1407 1557 1445 que

73 1472 138 1506 est
147 1464 261 1519 finis
276 1464 414 1519 segni.
1540 1470 1545 1474 '

162 1545 267 1588 Cias'
297 1546 444 1598 itaque
477 1546 597 1599 quod
631 1545 876 1585 intellectus
906 1551 972 1584 est
1004 1544 1146 1598 capud
1177 1543 1412 1596 regiminis,
1442 1541 1557 1583 salus
1577 1554 1638 1581 The
1651 1554 1788 1593 praiseps

19 1631 58 1653 20
161 1615 318 1663 anime,
349 1621 546 1655 servator
576 1614 800 1664 virtutum,
830 1614 1079 1667 speculator
1108 1613 1345 1653 viciorum:
1383 1613 1424 1652 in
1458 1612 1555 1666 ipso
1576 1589 1811 1621 undermndmg'

75 1683 291 1738 siquidem
308 1684 587 1738 speculamur
610 1683 827 1737 fugienda,
845 1697 922 1737 per
944 1683 1087 1736 ipsum
1106 1682 1308 1735 eligimus
1332 1681 1558 1736 eligenda:

76 1754 167 1808 ipse
182 1760 247 1795 est
262 1754 385 1808 origo
394 1755 601 1795 virtutum
618 1760 660 1794 et
677 1753 803 1794 radix
821 1753 1017 1793 omnium
1034 1753 1251 1793 bonorum
1269 1749 1557 1792 laudabilium

76 1830 117 1863 et
141 1823 476 1864 honorabilium.

137 1892 196 1934 Et
218 1893 411 1946 primum
435 1893 772 1933 instrumentum
796 1890 1039 1937 intellectus
1062 1898 1126 1932 est
1155 1891 1422 1931 desiderium
1446 1891 1559 1931 bone
1578 1908 1814 1936 Thedesireofa

19 1981 55 2011 25
79 1961 206 2012 fame,
228 1963 330 2015 quia
363 1963 436 2015 qui
467 1976 568 2003 vere
600 1962 821 2002 desiderat
853 1960 1013 2001 bonam
1053 1959 1215 2001 samam
1253 1960 1443 2001 famosus
1476 1960 1559 2001 erit
1577 1943 1748 1976 3⁰⁰d¹¹ame

77 2038 211 2084 atque
242 2031 471 2086 gloriosus,
499 2038 543 2073 et
573 2031 647 2084 qui
678 2031 777 2072 ficte
806 2031 1037 2077 desiderat,
1064 2044 1144 2083 per
1171 2029 1395 2070 infamiam
1425 2029 1430 2083 Ι
1459 2043 1558 2070 con·
1578 2047 1621 2078 40
1637 2047 1667 2068 a.

77 2101 288 2143 fundetur.
355 2102 492 2142 Fama
518 2116 623 2154 ergo
647 2108 712 2142 est
735 2102 854 2154 quod
878 2099 1178 2154 principaliter
1200 2107 1243 2141 et
1267 2113 1344 2152 per
1365 2099 1558 2152 seipsum

77 2172 303 2225 appetitur
334 2172 377 2212 in
411 2172 632 2226 regimine,
656 2171 757 2224 quia
781 2171 973 2225 regimen
1007 2183 1095 2210 non
1127 2169 1350 2223 appetitur
1378 2176 1560 2222 propter

77 2255 134 2289 se,
166 2248 231 2282 set
264 2248 445 2295 propter
476 2243 639 2283 bonam
674 2241 847 2282 famam.
912 2240 1094 2281 Inicium
1129 2252 1235 2292 ergo
1266 2238 1482 2291 sapiencie
1515 2244 1558 2278 et
1578 2246 1833 2307 isfthfzgeginsning

20 2331 61 2362 30
77 2310 327 2352 intellectus
359 2318 425 2353 est
456 2311 722 2353 desiderium
755 2311 868 2352 bone
900 2310 1024 2361 fame,
1055 2323 1142 2363 que
1178 2322 1256 2363 per
1286 2308 1481 2362 regimen
1515 2314 1559 2350 et
1575 2290 1670 2348 ἓίπνὲἷὸ
1692 2290 1738 2308 om
1762 2290 1823 2307 ora

77 2381 319 2423 dominium
356 2382 615 2435 adquiritur.
678 2381 725 2423 Si
764 2382 898 2434 igitur
939 2380 1023 2420 alia
1057 2380 1112 2420 de
1149 2392 1277 2421 causa
1311 2378 1557 2419 dominium

80 2458 122 2491 et
155 2451 346 2505 regimen
379 2452 665 2505 adquirantur
699 2451 782 2505 (vel
827 2446 1161 2504 desiderentur),
1198 2462 1285 2489 non
1317 2447 1400 2489 erit
1442 2447 1559 2489 fame

78 2520 316 2573 adquisicio
337 2527 403 2562 set
426 2521 596 2562 invidie.
1122 2533 1126 2535 ’

137 2636 142 2653 ¹
175 2635 327 2675 emeriti
349 2643 442 2674 sunt
463 2647 578 2674 senes
600 2634 767 2685 probate
787 2633 952 2672 virtutis.

21 2699 58 2756 353
124 2690 148 2711 '²
176 2691 226 2729 al.
247 2691 406 2741 fingere.

125 2795 144 2829 3
170 2790 321 2830 Chapter
337 2790 406 2821 viii.
429 2789 465 2821 V.
608 2800 645 2829 ¹7
670 2789 823 2830 Chapter
840 2789 884 2820 ix.
904 2789 940 2819 V.
