<?xml version="1.0" encoding="UTF-8"?>
<!DOCTYPE html PUBLIC "-//W3C//DTD XHTML 1.0 Transitional//EN"
    "http://www.w3.org/TR/xhtml1/DTD/xhtml1-transitional.dtd">
<html xmlns="http://www.w3.org/1999/xhtml" xml:lang="en" lang="en">
 <head>
  <title>
</title>
<meta http-equiv="Content-Type" content="text/html;charset=utf-8" />
  <meta name='ocr-system' content='tesseract 3.04.00' />
  <meta name='ocr-capabilities' content='ocr_page ocr_carea ocr_par ocr_line ocrx_word'/>
</head>
<body>
  <div class='ocr_page' id='page_1' title='image "./operahactenusine05baco_0216.png"; bbox 0 0 1908 3126; ppageno 0'>
   <div class='ocr_carea' id='block_1_1' title="bbox 24 206 280 345">
    <p class='ocr_par' dir='ltr' id='par_1_1' title="bbox 24 206 280 345">
     <span class='ocr_line' id='line_1_1' title="bbox 26 206 221 241; baseline -0.026 -4"><span class='ocrx_word' id='word_1_1' title='bbox 26 213 63 241; x_wconf 92' lang='lat'>(6)</span> <span class='ocrx_word' id='word_1_2' title='bbox 77 208 179 237; x_wconf 75' lang='lat' dir='ltr'>§killed</span> <span class='ocrx_word' id='word_1_3' title='bbox 193 206 221 232; x_wconf 88' lang='lat' dir='ltr'>in</span> 
     </span>
     <span class='ocr_line' id='line_1_2' title="bbox 24 245 234 279; baseline -0.014 -7"><span class='ocrx_word' id='word_1_4' title='bbox 24 245 159 275; x_wconf 70' lang='lat' dir='ltr'>sciemes,</span> <span class='ocrx_word' id='word_1_5' title='bbox 227 274 234 279; x_wconf 32' lang='lat'><strong>⁴</strong></span> 
     </span>
     <span class='ocr_line' id='line_1_3' title="bbox 26 274 280 313; baseline -0.02 -8"><span class='ocrx_word' id='word_1_6' title='bbox 26 278 181 313; x_wconf 73' lang='lat' dir='ltr'>especially</span> <span class='ocrx_word' id='word_1_7' title='bbox 193 274 280 302; x_wconf 82' lang='lat' dir='ltr'>amh-</span> 
     </span>
     <span class='ocr_line' id='line_1_4' title="bbox 26 313 122 345; baseline -0.021 -3"><span class='ocrx_word' id='word_1_8' title='bbox 26 313 122 345; x_wconf 71' lang='lat' dir='ltr'>metit,</span> 
     </span>
    </p>
   </div>
   <div class='ocr_carea' id='block_1_2' title="bbox 23 418 208 455">
    <p class='ocr_par' dir='ltr' id='par_1_2' title="bbox 23 418 208 455">
     <span class='ocr_line' id='line_1_5' title="bbox 23 418 208 455; baseline -0.016 -8"><span class='ocrx_word' id='word_1_9' title='bbox 23 422 64 455; x_wconf 85' lang='lat'>(7)</span> <span class='ocrx_word' id='word_1_10' title='bbox 77 418 208 450; x_wconf 77' lang='lat' dir='ltr'>truthful,</span> 
     </span>
    </p>
   </div>
   <div class='ocr_carea' id='block_1_3' title="bbox 25 627 298 952">
    <p class='ocr_par' dir='ltr' id='par_1_3' title="bbox 25 627 298 952">
     <span class='ocr_line' id='line_1_6' title="bbox 25 627 170 663; baseline -0.007 -8"><span class='ocrx_word' id='word_1_11' title='bbox 25 631 64 663; x_wconf 71' lang='grc' dir='ltr'>(Ξ)</span> <span class='ocrx_word' id='word_1_12' title='bbox 79 627 170 659; x_wconf 79' lang='lat' dir='ltr'>sober,</span> 
     </span>
     <span class='ocr_line' id='line_1_7' title="bbox 27 773 264 804; baseline -0.004 -6"><span class='ocrx_word' id='word_1_13' title='bbox 27 773 64 804; x_wconf 74' lang='grc'>(9)</span> <span class='ocrx_word' id='word_1_14' title='bbox 77 776 264 802; x_wconf 66' lang='grc' dir='ltr'>εουῐεςεουὲ,</span> 
     </span>
     <span class='ocr_line' id='line_1_8' title="bbox 188 911 298 952; baseline -0.009 -10"><span class='ocrx_word' id='word_1_15' title='bbox 188 919 247 952; x_wconf 85' lang='lat'>¹07</span> <span class='ocrx_word' id='word_1_16' title='bbox 266 911 298 941; x_wconf 91' lang='lat' dir='ltr'>b.</span> 
     </span>
    </p>
   </div>
   <div class='ocr_carea' id='block_1_4' title="bbox 25 971 296 1003">
    <p class='ocr_par' dir='ltr' id='par_1_4' title="bbox 25 971 296 1003">
     <span class='ocr_line' id='line_1_9' title="bbox 25 971 296 1003; baseline -0.007 -7"><span class='ocrx_word' id='word_1_17' title='bbox 25 971 82 1003; x_wconf 90' lang='lat'><em>(10)</em></span> <span class='ocrx_word' id='word_1_18' title='bbox 92 976 140 996; x_wconf 84' lang='lat' dir='ltr'>not</span> <span class='ocrx_word' id='word_1_19' title='bbox 151 975 296 1001; x_wconf 75' lang='lat' dir='ltr'>covetous,</span> 
     </span>
    </p>
   </div>
   <div class='ocr_carea' id='block_1_5' title="bbox 21 1204 247 1272">
    <p class='ocr_par' dir='ltr' id='par_1_5' title="bbox 21 1204 247 1272">
     <span class='ocr_line' id='line_1_10' title="bbox 26 1204 247 1244; baseline -0.005 -14"><span class='ocrx_word' id='word_1_20' title='bbox 26 1208 110 1244; x_wconf 63' lang='lat' dir='ltr'>[ula</span> <span class='ocrx_word' id='word_1_21' title='bbox 123 1204 201 1230; x_wconf 80' lang='lat' dir='ltr'>lover</span> <span class='ocrx_word' id='word_1_22' title='bbox 215 1204 247 1230; x_wconf 80' lang='lat' dir='ltr'>of</span> 
     </span>
     <span class='ocr_line' id='line_1_11' title="bbox 21 1246 138 1272; baseline 0 -7"><span class='ocrx_word' id='word_1_23' title='bbox 21 1246 138 1272; x_wconf 71' lang='lat' dir='ltr'>justice,</span> 
     </span>
    </p>
   </div>
   <div class='ocr_carea' id='block_1_6' title="bbox 28 1622 267 1690">
    <p class='ocr_par' dir='ltr' id='par_1_6' title="bbox 28 1622 267 1690">
     <span class='ocr_line' id='line_1_12' title="bbox 28 1622 267 1661; baseline -0.008 -13"><span class='ocrx_word' id='word_1_24' title='bbox 28 1626 51 1648; x_wconf 83' lang='grc' dir='ltr'>(ι</span> <span class='ocrx_word' id='word_1_25' title='bbox 58 1625 82 1654; x_wconf 87' lang='lat'>2)</span> <span class='ocrx_word' id='word_1_26' title='bbox 98 1630 197 1661; x_wconf 73' lang='lat' dir='ltr'>strong</span> <span class='ocrx_word' id='word_1_27' title='bbox 210 1622 267 1648; x_wconf 81' lang='lat' dir='ltr'>and</span> 
     </span>
     <span class='ocr_line' id='line_1_13' title="bbox 28 1666 220 1690; baseline -0.005 -6"><span class='ocrx_word' id='word_1_28' title='bbox 28 1666 220 1690; x_wconf 57' lang='lat' dir='ltr'>persemnng,</span> 
     </span>
    </p>
   </div>
   <div class='ocr_carea' id='block_1_7' title="bbox 26 1836 281 1870">
    <p class='ocr_par' dir='ltr' id='par_1_7' title="bbox 26 1836 281 1870">
     <span class='ocr_line' id='line_1_14' title="bbox 26 1836 281 1870; baseline -0.004 -8"><span class='ocrx_word' id='word_1_29' title='bbox 26 1836 51 1868; x_wconf 84' lang='grc' dir='ltr'>(ι</span> <span class='ocrx_word' id='word_1_30' title='bbox 59 1845 81 1870; x_wconf 74' lang='lat'>3:</span> <span class='ocrx_word' id='word_1_31' title='bbox 96 1836 281 1863; x_wconf 67' lang='lat' dir='ltr'>economical,</span> 
     </span>
    </p>
   </div>
   <div class='ocr_carea' id='block_1_8' title="bbox 26 2188 230 2220">
    <p class='ocr_par' dir='ltr' id='par_1_8' title="bbox 26 2188 230 2220">
     <span class='ocr_line' id='line_1_15' title="bbox 26 2188 230 2220; baseline 0 -6"><span class='ocrx_word' id='word_1_32' title='bbox 26 2190 83 2219; x_wconf 53' lang='grc' dir='ltr'>(ις)</span> <span class='ocrx_word' id='word_1_33' title='bbox 97 2188 230 2220; x_wconf 70' lang='lat' dir='ltr'>taciturn,</span> 
     </span>
    </p>
   </div>
   <div class='ocr_carea' id='block_1_9' title="bbox 191 2323 298 2355">
    <p class='ocr_par' dir='ltr' id='par_1_9' title="bbox 191 2323 298 2355">
     <span class='ocr_line' id='line_1_16' title="bbox 191 2323 298 2355; baseline 0.019 -2"><span class='ocrx_word' id='word_1_34' title='bbox 191 2323 250 2354; x_wconf 81' lang='lat'>108</span> <span class='ocrx_word' id='word_1_35' title='bbox 267 2333 298 2355; x_wconf 83' lang='lat' dir='ltr'>a.</span> 
     </span>
    </p>
   </div>
   <div class='ocr_carea' id='block_1_10' title="bbox 1030 86 1114 126">
    <p class='ocr_par' dir='ltr' id='par_1_10' title="bbox 1030 86 1114 126">
     <span class='ocr_line' id='line_1_17' title="bbox 1030 86 1114 126; baseline 0.036 -12"><span class='ocrx_word' id='word_1_36' title='bbox 1030 86 1114 126; x_wconf 85' lang='lat'>142</span> 
     </span>
    </p>
   </div>
   <div class='ocr_carea' id='block_1_11' title="bbox 317 190 1827 2364">
    <p class='ocr_par' dir='ltr' id='par_1_11' title="bbox 320 190 1827 376">
     <span class='ocr_line' id='line_1_18' title="bbox 381 190 1818 246; baseline -0.002 -11"><span class='ocrx_word' id='word_1_37' title='bbox 381 192 528 235; x_wconf 85' lang='lat' dir='ltr'>Sexto</span> <span class='ocrx_word' id='word_1_38' title='bbox 557 192 679 246; x_wconf 90' lang='lat' dir='ltr'>quod</span> <span class='ocrx_word' id='word_1_39' title='bbox 702 192 760 234; x_wconf 90' lang='lat' dir='ltr'>sit</span> <span class='ocrx_word' id='word_1_40' title='bbox 783 191 1068 246; x_wconf 89' lang='lat' dir='ltr'>penetrabilis</span> <span class='ocrx_word' id='word_1_41' title='bbox 1099 191 1143 232; x_wconf 92' lang='lat' dir='ltr'>in</span> <span class='ocrx_word' id='word_1_42' title='bbox 1170 191 1294 233; x_wconf 88' lang='lat' dir='ltr'>omni</span> <span class='ocrx_word' id='word_1_43' title='bbox 1316 190 1520 243; x_wconf 86' lang='lat' dir='ltr'>sciencia,</span> <span class='ocrx_word' id='word_1_44' title='bbox 1541 197 1588 232; x_wconf 91' lang='lat' dir='ltr'>et</span> <span class='ocrx_word' id='word_1_45' title='bbox 1609 190 1818 244; x_wconf 88' lang='lat' dir='ltr'>precipue</span> 
     </span>
     <span class='ocr_line' id='line_1_19' title="bbox 322 246 1827 317; baseline 0 -12"><span class='ocrx_word' id='word_1_46' title='bbox 322 265 366 305; x_wconf 92' lang='lat' dir='ltr'>in</span> <span class='ocrx_word' id='word_1_47' title='bbox 389 269 485 305; x_wconf 90' lang='lat' dir='ltr'>arte</span> <span class='ocrx_word' id='word_1_48' title='bbox 507 262 790 305; x_wconf 87' lang='lat' dir='ltr'>arithmetica</span> <span class='ocrx_word' id='word_1_49' title='bbox 811 276 900 317; x_wconf 86' lang='lat' dir='ltr'>que</span> <span class='ocrx_word' id='word_1_50' title='bbox 921 269 988 304; x_wconf 89' lang='lat' dir='ltr'>est</span> <span class='ocrx_word' id='word_1_51' title='bbox 1011 276 1082 304; x_wconf 88' lang='lat' dir='ltr'>ars</span> <span class='ocrx_word' id='word_1_52' title='bbox 1103 262 1334 304; x_wconf 87' lang='lat' dir='ltr'>verissima</span> <span class='ocrx_word' id='word_1_53' title='bbox 1355 260 1708 303; x_wconf 88' lang='lat' dir='ltr'>demonstrativa</span> <span class='ocrx_word' id='word_1_54' title='bbox 1728 246 1827 315; x_wconf 64' lang='lat' dir='ltr'>qua.</span> 
     </span>
     <span class='ocr_line' id='line_1_20' title="bbox 320 332 768 376; baseline -0.004 0"><span class='ocrx_word' id='word_1_55' title='bbox 320 334 559 376; x_wconf 82' lang='lat' dir='ltr'><strong>attrahitur</strong></span> <span class='ocrx_word' id='word_1_56' title='bbox 579 332 768 375; x_wconf 82' lang='lat' dir='ltr'>natura.1</span> 
     </span>
    </p>

    <p class='ocr_par' dir='ltr' id='par_1_12' title="bbox 319 401 1820 599">
     <span class='ocr_line' id='line_1_21' title="bbox 380 401 1819 459; baseline -0.003 -12"><span class='ocrx_word' id='word_1_57' title='bbox 380 405 587 459; x_wconf 88' lang='lat' dir='ltr'>Septimo</span> <span class='ocrx_word' id='word_1_58' title='bbox 622 404 745 458; x_wconf 92' lang='lat' dir='ltr'>quod</span> <span class='ocrx_word' id='word_1_59' title='bbox 784 403 842 445; x_wconf 91' lang='lat' dir='ltr'>sit</span> <span class='ocrx_word' id='word_1_60' title='bbox 882 417 1022 444; x_wconf 84' lang='lat' dir='ltr'>verax</span> <span class='ocrx_word' id='word_1_61' title='bbox 1062 403 1105 443; x_wconf 92' lang='lat' dir='ltr'>in</span> <span class='ocrx_word' id='word_1_62' title='bbox 1142 402 1302 454; x_wconf 86' lang='lat' dir='ltr'>verbis,</span> <span class='ocrx_word' id='word_1_63' title='bbox 1339 401 1527 457; x_wconf 89' lang='lat' dir='ltr'>diligens</span> <span class='ocrx_word' id='word_1_64' title='bbox 1567 402 1819 452; x_wconf 85' lang='lat' dir='ltr'>veritatem,</span> 
     </span>
     <span class='ocr_line' id='line_1_22' title="bbox 319 472 1820 530; baseline -0.001 -13"><span class='ocrx_word' id='word_1_65' title='bbox 319 475 496 530; x_wconf 87' lang='lat' dir='ltr'>fugiens</span> <span class='ocrx_word' id='word_1_66' title='bbox 519 474 815 523; x_wconf 85' lang='lat' dir='ltr'>mendacium,</span> <span class='ocrx_word' id='word_1_67' title='bbox 839 474 957 515; x_wconf 91' lang='lat' dir='ltr'>bone</span> <span class='ocrx_word' id='word_1_68' title='bbox 978 473 1323 527; x_wconf 85' lang='lat' dir='ltr'>composicionis</span> <span class='ocrx_word' id='word_1_69' title='bbox 1345 472 1390 514; x_wconf 93' lang='lat' dir='ltr'>in</span> <span class='ocrx_word' id='word_1_70' title='bbox 1413 473 1613 515; x_wconf 89' lang='lat' dir='ltr'>moribus</span> <span class='ocrx_word' id='word_1_71' title='bbox 1634 478 1679 514; x_wconf 94' lang='lat' dir='ltr'>et</span> <span class='ocrx_word' id='word_1_72' title='bbox 1700 472 1820 515; x_wconf 85' lang='lat' dir='ltr'>bone</span> 
     </span>
     <span class='ocr_line' id='line_1_23' title="bbox 320 543 1458 599; baseline -0.003 -12"><span class='ocrx_word' id='word_1_73' title='bbox 320 545 657 599; x_wconf 84' lang='lat' dir='ltr'>complexionis,</span> <span class='ocrx_word' id='word_1_74' title='bbox 679 544 828 587; x_wconf 90' lang='lat' dir='ltr'>suavis</span> <span class='ocrx_word' id='word_1_75' title='bbox 850 551 1110 586; x_wconf 88' lang='lat' dir='ltr'>mansuetus</span> <span class='ocrx_word' id='word_1_76' title='bbox 1132 550 1176 586; x_wconf 87' lang='lat' dir='ltr'>et</span> <span class='ocrx_word' id='word_1_77' title='bbox 1202 543 1458 585; x_wconf 88' lang='lat' dir='ltr'>tractabilis.</span> 
     </span>
    </p>

    <p class='ocr_par' dir='ltr' id='par_1_13' title="bbox 321 613 1819 742">
     <span class='ocr_line' id='line_1_24' title="bbox 380 613 1819 670; baseline -0.001 -12"><span class='ocrx_word' id='word_1_78' title='bbox 380 616 559 659; x_wconf 89' lang='lat' dir='ltr'>Octavo</span> <span class='ocrx_word' id='word_1_79' title='bbox 582 616 704 670; x_wconf 90' lang='lat' dir='ltr'>quod</span> <span class='ocrx_word' id='word_1_80' title='bbox 728 616 786 657; x_wconf 91' lang='lat' dir='ltr'>sit</span> <span class='ocrx_word' id='word_1_81' title='bbox 804 615 900 657; x_wconf 91' lang='lat' dir='ltr'>sine</span> <span class='ocrx_word' id='word_1_82' title='bbox 922 620 1030 656; x_wconf 90' lang='lat' dir='ltr'>nota</span> <span class='ocrx_word' id='word_1_83' title='bbox 1052 614 1230 668; x_wconf 91' lang='lat' dir='ltr'>crapule</span> <span class='ocrx_word' id='word_1_84' title='bbox 1251 621 1296 656; x_wconf 90' lang='lat' dir='ltr'>et</span> <span class='ocrx_word' id='word_1_85' title='bbox 1325 614 1558 656; x_wconf 83' lang='lat' dir='ltr'>ebrietatis</span> <span class='ocrx_word' id='word_1_86' title='bbox 1580 614 1623 655; x_wconf 91' lang='lat' dir='ltr'>in</span> <span class='ocrx_word' id='word_1_87' title='bbox 1644 613 1747 656; x_wconf 91' lang='lat' dir='ltr'>cibo</span> <span class='ocrx_word' id='word_1_88' title='bbox 1774 619 1819 656; x_wconf 89' lang='lat' dir='ltr'>et</span> 
     </span>
     <span class='ocr_line' id='line_1_25' title="bbox 321 684 1789 742; baseline -0.001 -14"><span class='ocrx_word' id='word_1_89' title='bbox 321 694 445 742; x_wconf 89' lang='lat' dir='ltr'>potu,</span> <span class='ocrx_word' id='word_1_90' title='bbox 466 695 512 730; x_wconf 91' lang='lat' dir='ltr'>et</span> <span class='ocrx_word' id='word_1_91' title='bbox 535 687 631 728; x_wconf 90' lang='lat' dir='ltr'>sine</span> <span class='ocrx_word' id='word_1_92' title='bbox 653 692 761 728; x_wconf 82' lang='lat' dir='ltr'>nota</span> <span class='ocrx_word' id='word_1_93' title='bbox 783 685 940 736; x_wconf 86' lang='lat' dir='ltr'>coitus,</span> <span class='ocrx_word' id='word_1_94' title='bbox 963 685 1187 727; x_wconf 92' lang='lat' dir='ltr'>declinans</span> <span class='ocrx_word' id='word_1_95' title='bbox 1210 685 1339 727; x_wconf 92' lang='lat' dir='ltr'>ludos</span> <span class='ocrx_word' id='word_1_96' title='bbox 1360 691 1406 726; x_wconf 91' lang='lat' dir='ltr'>et</span> <span class='ocrx_word' id='word_1_97' title='bbox 1427 684 1789 728; x_wconf 87' lang='lat' dir='ltr'>delectacionem.</span> 
     </span>
    </p>

    <p class='ocr_par' dir='ltr' id='par_1_14' title="bbox 318 754 1820 882">
     <span class='ocr_line' id='line_1_26' title="bbox 382 754 1820 812; baseline -0.001 -12"><span class='ocrx_word' id='word_1_98' title='bbox 382 758 565 800; x_wconf 91' lang='lat' dir='ltr'>Nonum</span> <span class='ocrx_word' id='word_1_99' title='bbox 588 764 657 799; x_wconf 88' lang='lat' dir='ltr'>est</span> <span class='ocrx_word' id='word_1_100' title='bbox 677 758 799 812; x_wconf 91' lang='lat' dir='ltr'>quod</span> <span class='ocrx_word' id='word_1_101' title='bbox 823 757 880 799; x_wconf 90' lang='lat' dir='ltr'>sit</span> <span class='ocrx_word' id='word_1_102' title='bbox 903 756 1215 811; x_wconf 84' lang='lat' dir='ltr'>magnanimus</span> <span class='ocrx_word' id='word_1_103' title='bbox 1238 756 1282 797; x_wconf 89' lang='lat' dir='ltr'>in</span> <span class='ocrx_word' id='word_1_104' title='bbox 1303 756 1536 811; x_wconf 87' lang='lat' dir='ltr'>proposito</span> <span class='ocrx_word' id='word_1_105' title='bbox 1559 762 1605 798; x_wconf 89' lang='lat' dir='ltr'>et</span> <span class='ocrx_word' id='word_1_106' title='bbox 1630 754 1820 809; x_wconf 86' lang='lat' dir='ltr'>diligens</span> 
     </span>
     <span class='ocr_line' id='line_1_27' title="bbox 318 826 758 882; baseline -0.007 -11"><span class='ocrx_word' id='word_1_107' title='bbox 318 828 724 872; x_wconf 88' lang='lat' dir='ltr'>honorificenciam.</span> <span class='ocrx_word' id='word_1_108' title='bbox 753 826 758 882; x_wconf 91' lang='grc' dir='ltr'>Ι</span> 
     </span>
    </p>

    <p class='ocr_par' dir='ltr' id='par_1_15' title="bbox 317 896 1821 1167">
     <span class='ocr_line' id='line_1_28' title="bbox 380 896 1821 953; baseline -0.002 -12"><span class='ocrx_word' id='word_1_109' title='bbox 380 899 621 942; x_wconf 90' lang='lat' dir='ltr'>Decimum</span> <span class='ocrx_word' id='word_1_110' title='bbox 643 898 765 953; x_wconf 89' lang='lat' dir='ltr'>quod</span> <span class='ocrx_word' id='word_1_111' title='bbox 788 911 945 938; x_wconf 89' lang='lat' dir='ltr'>aurum</span> <span class='ocrx_word' id='word_1_112' title='bbox 969 903 1013 938; x_wconf 90' lang='lat' dir='ltr'>et</span> <span class='ocrx_word' id='word_1_113' title='bbox 1035 904 1271 950; x_wconf 87' lang='lat' dir='ltr'>argentum</span> <span class='ocrx_word' id='word_1_114' title='bbox 1295 903 1339 938; x_wconf 90' lang='lat' dir='ltr'>et</span> <span class='ocrx_word' id='word_1_115' title='bbox 1365 904 1512 938; x_wconf 90' lang='lat' dir='ltr'>cetera</span> <span class='ocrx_word' id='word_1_116' title='bbox 1533 896 1821 939; x_wconf 85' lang='lat' dir='ltr'>accidentalia</span> 
     </span>
     <span class='ocr_line' id='line_1_29' title="bbox 318 967 1820 1025; baseline -0.001 -13"><span class='ocrx_word' id='word_1_117' title='bbox 318 971 449 1025; x_wconf 87' lang='lat' dir='ltr'>hujus</span> <span class='ocrx_word' id='word_1_118' title='bbox 475 969 628 1010; x_wconf 87' lang='lat' dir='ltr'>mundi</span> <span class='ocrx_word' id='word_1_119' title='bbox 646 969 734 1010; x_wconf 85' lang='lat' dir='ltr'>sint</span> <span class='ocrx_word' id='word_1_120' title='bbox 757 967 1116 1022; x_wconf 90' lang='lat' dir='ltr'>contemptibilia</span> <span class='ocrx_word' id='word_1_121' title='bbox 1136 967 1257 1022; x_wconf 87' lang='lat' dir='ltr'>apud</span> <span class='ocrx_word' id='word_1_122' title='bbox 1280 968 1441 1022; x_wconf 87' lang='lat' dir='ltr'>ipsum,</span> <span class='ocrx_word' id='word_1_123' title='bbox 1466 973 1511 1009; x_wconf 91' lang='lat' dir='ltr'>et</span> <span class='ocrx_word' id='word_1_124' title='bbox 1532 981 1620 1009; x_wconf 91' lang='lat' dir='ltr'>non</span> <span class='ocrx_word' id='word_1_125' title='bbox 1643 968 1702 1010; x_wconf 87' lang='lat' dir='ltr'>sit</span> <span class='ocrx_word' id='word_1_126' title='bbox 1723 968 1820 1024; x_wconf 85' lang='lat' dir='ltr'>ejus</span> 
     </span>
     <span class='ocr_line' id='line_1_30' title="bbox 317 1038 1818 1096; baseline -0.001 -13"><span class='ocrx_word' id='word_1_127' title='bbox 317 1041 602 1096; x_wconf 88' lang='lat' dir='ltr'>propositum</span> <span class='ocrx_word' id='word_1_128' title='bbox 626 1052 708 1081; x_wconf 91' lang='lat' dir='ltr'>nec</span> <span class='ocrx_word' id='word_1_129' title='bbox 726 1039 924 1080; x_wconf 90' lang='lat' dir='ltr'>intencio</span> <span class='ocrx_word' id='word_1_130' title='bbox 941 1039 1023 1080; x_wconf 90' lang='lat' dir='ltr'>nisi</span> <span class='ocrx_word' id='word_1_131' title='bbox 1047 1039 1091 1080; x_wconf 93' lang='lat' dir='ltr'>in</span> <span class='ocrx_word' id='word_1_132' title='bbox 1115 1038 1199 1080; x_wconf 92' lang='lat' dir='ltr'>hiis</span> <span class='ocrx_word' id='word_1_133' title='bbox 1221 1052 1307 1092; x_wconf 88' lang='lat' dir='ltr'>que</span> <span class='ocrx_word' id='word_1_134' title='bbox 1324 1039 1594 1081; x_wconf 89' lang='lat' dir='ltr'>conveniunt</span> <span class='ocrx_word' id='word_1_135' title='bbox 1610 1039 1818 1095; x_wconf 87' lang='lat' dir='ltr'>dignitati</span> 
     </span>
     <span class='ocr_line' id='line_1_31' title="bbox 318 1109 1610 1167; baseline -0.002 -13"><span class='ocrx_word' id='word_1_136' title='bbox 318 1119 363 1154; x_wconf 90' lang='lat' dir='ltr'>et</span> <span class='ocrx_word' id='word_1_137' title='bbox 389 1110 608 1167; x_wconf 85' lang='lat' dir='ltr'>regimini,</span> <span class='ocrx_word' id='word_1_138' title='bbox 630 1117 675 1152; x_wconf 90' lang='lat' dir='ltr'>et</span> <span class='ocrx_word' id='word_1_139' title='bbox 698 1110 819 1164; x_wconf 89' lang='lat' dir='ltr'>quod</span> <span class='ocrx_word' id='word_1_140' title='bbox 841 1109 1002 1163; x_wconf 86' lang='lat' dir='ltr'>diligat</span> <span class='ocrx_word' id='word_1_141' title='bbox 1023 1110 1283 1164; x_wconf 88' lang='lat' dir='ltr'>proximum</span> <span class='ocrx_word' id='word_1_142' title='bbox 1307 1116 1352 1152; x_wconf 91' lang='lat' dir='ltr'>et</span> <span class='ocrx_word' id='word_1_143' title='bbox 1374 1116 1610 1152; x_wconf 87' lang='lat' dir='ltr'>remotum.</span> 
     </span>
    </p>

    <p class='ocr_par' dir='ltr' id='par_1_16' title="bbox 318 1180 1821 1588">
     <span class='ocr_line' id='line_1_32' title="bbox 381 1180 1820 1237; baseline 0.001 -14"><span class='ocrx_word' id='word_1_144' title='bbox 381 1181 685 1224; x_wconf 86' lang='lat' dir='ltr'>Undecimum</span> <span class='ocrx_word' id='word_1_145' title='bbox 726 1180 849 1234; x_wconf 91' lang='lat' dir='ltr'>quod</span> <span class='ocrx_word' id='word_1_146' title='bbox 889 1180 1044 1234; x_wconf 87' lang='lat' dir='ltr'>diligat</span> <span class='ocrx_word' id='word_1_147' title='bbox 1081 1187 1127 1222; x_wconf 93' lang='lat' dir='ltr'>et</span> <span class='ocrx_word' id='word_1_148' title='bbox 1169 1180 1465 1235; x_wconf 89' lang='lat' dir='ltr'>amplectetur</span> <span class='ocrx_word' id='word_1_149' title='bbox 1498 1181 1646 1236; x_wconf 89' lang='lat' dir='ltr'>justos</span> <span class='ocrx_word' id='word_1_150' title='bbox 1682 1188 1820 1237; x_wconf 84' lang='lat' dir='ltr'>atque</span> 
     </span>
     <span class='ocr_line' id='line_1_33' title="bbox 318 1249 1819 1307; baseline 0 -12"><span class='ocrx_word' id='word_1_151' title='bbox 318 1253 556 1307; x_wconf 88' lang='lat' dir='ltr'>justiciam,</span> <span class='ocrx_word' id='word_1_152' title='bbox 588 1251 694 1293; x_wconf 92' lang='lat' dir='ltr'>odio</span> <span class='ocrx_word' id='word_1_153' title='bbox 726 1251 896 1292; x_wconf 88' lang='lat' dir='ltr'>habens</span> <span class='ocrx_word' id='word_1_154' title='bbox 928 1249 1133 1304; x_wconf 90' lang='lat' dir='ltr'>injuriam</span> <span class='ocrx_word' id='word_1_155' title='bbox 1166 1258 1210 1292; x_wconf 91' lang='lat' dir='ltr'>et</span> <span class='ocrx_word' id='word_1_156' title='bbox 1242 1250 1473 1302; x_wconf 87' lang='lat' dir='ltr'>offensam,</span> <span class='ocrx_word' id='word_1_157' title='bbox 1506 1252 1698 1294; x_wconf 88' lang='lat' dir='ltr'>reddens</span> <span class='ocrx_word' id='word_1_158' title='bbox 1725 1253 1819 1295; x_wconf 89' lang='lat' dir='ltr'>uni·</span> 
     </span>
     <span class='ocr_line' id='line_1_34' title="bbox 319 1321 1819 1379; baseline 0 -14"><span class='ocrx_word' id='word_1_159' title='bbox 319 1324 478 1379; x_wconf 87' lang='lat' dir='ltr'>cuique</span> <span class='ocrx_word' id='word_1_160' title='bbox 515 1322 636 1378; x_wconf 93' lang='lat' dir='ltr'>quod</span> <span class='ocrx_word' id='word_1_161' title='bbox 678 1335 808 1364; x_wconf 89' lang='lat' dir='ltr'>suum</span> <span class='ocrx_word' id='word_1_162' title='bbox 848 1327 929 1370; x_wconf 91' lang='lat' dir='ltr'>est,</span> <span class='ocrx_word' id='word_1_163' title='bbox 963 1321 1227 1363; x_wconf 87' lang='lat' dir='ltr'>subveniens</span> <span class='ocrx_word' id='word_1_164' title='bbox 1267 1322 1491 1377; x_wconf 86' lang='lat' dir='ltr'>oppressis</span> <span class='ocrx_word' id='word_1_165' title='bbox 1532 1329 1577 1365; x_wconf 89' lang='lat' dir='ltr'>et</span> <span class='ocrx_word' id='word_1_166' title='bbox 1618 1322 1702 1364; x_wconf 89' lang='lat' dir='ltr'>hiis</span> <span class='ocrx_word' id='word_1_167' title='bbox 1744 1325 1819 1379; x_wconf 90' lang='lat' dir='ltr'>qui</span> 
     </span>
     <span class='ocr_line' id='line_1_35' title="bbox 319 1392 1821 1448; baseline 0 -12"><span class='ocrx_word' id='word_1_168' title='bbox 319 1394 527 1448; x_wconf 86' lang='lat' dir='ltr'>injuriam</span> <span class='ocrx_word' id='word_1_169' title='bbox 561 1393 808 1448; x_wconf 78' lang='lat' dir='ltr'>paciuntur=</span> <span class='ocrx_word' id='word_1_170' title='bbox 841 1405 1076 1433; x_wconf 90' lang='lat' dir='ltr'>removens</span> <span class='ocrx_word' id='word_1_171' title='bbox 1108 1393 1285 1447; x_wconf 90' lang='lat' dir='ltr'>penitus</span> <span class='ocrx_word' id='word_1_172' title='bbox 1317 1406 1496 1434; x_wconf 91' lang='lat' dir='ltr'>omnem</span> <span class='ocrx_word' id='word_1_173' title='bbox 1534 1392 1821 1447; x_wconf 89' lang='lat' dir='ltr'>injusticiam,</span> 
     </span>
     <span class='ocr_line' id='line_1_36' title="bbox 319 1460 1820 1520; baseline 0.001 -14"><span class='ocrx_word' id='word_1_174' title='bbox 319 1464 486 1507; x_wconf 87' lang='lat' dir='ltr'>nullam</span> <span class='ocrx_word' id='word_1_175' title='bbox 510 1463 686 1519; x_wconf 89' lang='lat' dir='ltr'>penitus</span> <span class='ocrx_word' id='word_1_176' title='bbox 710 1463 874 1505; x_wconf 89' lang='lat' dir='ltr'>faciens</span> <span class='ocrx_word' id='word_1_177' title='bbox 905 1460 1210 1504; x_wconf 85' lang='lat' dir='ltr'>differenciam</span> <span class='ocrx_word' id='word_1_178' title='bbox 1236 1463 1278 1504; x_wconf 90' lang='lat' dir='ltr'>in</span> <span class='ocrx_word' id='word_1_179' title='bbox 1300 1463 1502 1517; x_wconf 90' lang='lat' dir='ltr'>personis</span> <span class='ocrx_word' id='word_1_180' title='bbox 1532 1470 1577 1506; x_wconf 90' lang='lat' dir='ltr'>et</span> <span class='ocrx_word' id='word_1_181' title='bbox 1605 1465 1820 1520; x_wconf 86' lang='lat' dir='ltr'>gradibus</span> 
     </span>
     <span class='ocr_line' id='line_1_37' title="bbox 319 1533 1274 1588; baseline -0.002 -11"><span class='ocrx_word' id='word_1_182' title='bbox 319 1536 552 1578; x_wconf 91' lang='lat' dir='ltr'>hominum</span> <span class='ocrx_word' id='word_1_183' title='bbox 578 1547 692 1588; x_wconf 90' lang='lat' dir='ltr'>quos</span> <span class='ocrx_word' id='word_1_184' title='bbox 708 1533 724 1557; x_wconf 77' lang='lat'><strong>²</strong></span> <span class='ocrx_word' id='word_1_185' title='bbox 748 1533 871 1574; x_wconf 87' lang='lat' dir='ltr'>Deus</span> <span class='ocrx_word' id='word_1_186' title='bbox 893 1533 1057 1574; x_wconf 85' lang='lat' dir='ltr'>creavit</span> <span class='ocrx_word' id='word_1_187' title='bbox 1082 1533 1274 1587; x_wconf 86' lang='lat' dir='ltr'>equales.</span> 
     </span>
    </p>

    <p class='ocr_par' dir='ltr' id='par_1_17' title="bbox 322 1593 1820 1803">
     <span class='ocr_line' id='line_1_38' title="bbox 382 1593 1819 1662; baseline 0.001 -15"><span class='ocrx_word' id='word_1_188' title='bbox 382 1605 719 1647; x_wconf 88' lang='lat' dir='ltr'>Duodecimum</span> <span class='ocrx_word' id='word_1_189' title='bbox 738 1611 804 1645; x_wconf 89' lang='lat' dir='ltr'>est</span> <span class='ocrx_word' id='word_1_190' title='bbox 826 1604 948 1657; x_wconf 91' lang='lat' dir='ltr'>quod</span> <span class='ocrx_word' id='word_1_191' title='bbox 971 1604 1027 1645; x_wconf 90' lang='lat' dir='ltr'>sit</span> <span class='ocrx_word' id='word_1_192' title='bbox 1050 1603 1176 1646; x_wconf 89' lang='lat' dir='ltr'>fortis</span> <span class='ocrx_word' id='word_1_193' title='bbox 1199 1612 1243 1646; x_wconf 91' lang='lat' dir='ltr'>et</span> <span class='ocrx_word' id='word_1_194' title='bbox 1259 1593 1583 1660; x_wconf 77' lang='lat' dir='ltr'>perseverantis</span> <span class='ocrx_word' id='word_1_195' title='bbox 1600 1607 1819 1662; x_wconf 87' lang='lat' dir='ltr'>propositi</span> 
     </span>
     <span class='ocr_line' id='line_1_39' title="bbox 322 1673 1820 1729; baseline 0.001 -11"><span class='ocrx_word' id='word_1_196' title='bbox 322 1679 364 1719; x_wconf 91' lang='lat' dir='ltr'>in</span> <span class='ocrx_word' id='word_1_197' title='bbox 401 1676 485 1717; x_wconf 89' lang='lat' dir='ltr'>hiis</span> <span class='ocrx_word' id='word_1_198' title='bbox 523 1689 611 1729; x_wconf 89' lang='lat' dir='ltr'>que</span> <span class='ocrx_word' id='word_1_199' title='bbox 653 1673 736 1716; x_wconf 88' lang='lat' dir='ltr'>sibi</span> <span class='ocrx_word' id='word_1_200' title='bbox 773 1674 981 1715; x_wconf 88' lang='lat' dir='ltr'>videntur</span> <span class='ocrx_word' id='word_1_201' title='bbox 1017 1675 1201 1729; x_wconf 84' lang='lat' dir='ltr'>agenda,</span> <span class='ocrx_word' id='word_1_202' title='bbox 1238 1676 1388 1716; x_wconf 86' lang='lat' dir='ltr'>audax</span> <span class='ocrx_word' id='word_1_203' title='bbox 1426 1676 1522 1719; x_wconf 90' lang='lat' dir='ltr'>sine</span> <span class='ocrx_word' id='word_1_204' title='bbox 1556 1676 1718 1719; x_wconf 89' lang='lat' dir='ltr'>timore</span> <span class='ocrx_word' id='word_1_205' title='bbox 1750 1677 1820 1720; x_wconf 91' lang='lat' dir='ltr'>vel</span> 
     </span>
     <span class='ocr_line' id='line_1_40' title="bbox 322 1746 699 1803; baseline -0.011 -13"><span class='ocrx_word' id='word_1_206' title='bbox 322 1746 699 1803; x_wconf 85' lang='lat' dir='ltr'>pusillaminitate.</span> 
     </span>
    </p>

    <p class='ocr_par' dir='ltr' id='par_1_18' title="bbox 320 1815 1821 2154">
     <span class='ocr_line' id='line_1_41' title="bbox 382 1815 1820 1874; baseline 0.001 -16"><span class='ocrx_word' id='word_1_207' title='bbox 382 1817 592 1858; x_wconf 89' lang='lat' dir='ltr'>Tercium</span> <span class='ocrx_word' id='word_1_208' title='bbox 616 1815 842 1856; x_wconf 90' lang='lat' dir='ltr'>decimum</span> <span class='ocrx_word' id='word_1_209' title='bbox 867 1821 933 1856; x_wconf 81' lang='lat' dir='ltr'>est</span> <span class='ocrx_word' id='word_1_210' title='bbox 963 1816 1085 1869; x_wconf 89' lang='lat' dir='ltr'>quod</span> <span class='ocrx_word' id='word_1_211' title='bbox 1109 1816 1220 1856; x_wconf 90' lang='lat' dir='ltr'>sciat</span> <span class='ocrx_word' id='word_1_212' title='bbox 1248 1829 1404 1858; x_wconf 88' lang='lat' dir='ltr'>omnes</span> <span class='ocrx_word' id='word_1_213' title='bbox 1429 1817 1580 1859; x_wconf 88' lang='lat' dir='ltr'>exitus</span> <span class='ocrx_word' id='word_1_214' title='bbox 1601 1831 1820 1874; x_wconf 88' lang='lat' dir='ltr'>expensa-</span> 
     </span>
     <span class='ocr_line' id='line_1_42' title="bbox 325 1885 1820 1944; baseline 0.001 -15"><span class='ocrx_word' id='word_1_215' title='bbox 325 1901 433 1938; x_wconf 87' lang='lat' dir='ltr'>rum,</span> <span class='ocrx_word' id='word_1_216' title='bbox 456 1895 502 1928; x_wconf 90' lang='lat' dir='ltr'>et</span> <span class='ocrx_word' id='word_1_217' title='bbox 526 1899 615 1929; x_wconf 90' lang='lat' dir='ltr'>non</span> <span class='ocrx_word' id='word_1_218' title='bbox 638 1886 774 1927; x_wconf 87' lang='lat' dir='ltr'>lateat</span> <span class='ocrx_word' id='word_1_219' title='bbox 797 1898 898 1926; x_wconf 90' lang='lat' dir='ltr'>eum</span> <span class='ocrx_word' id='word_1_220' title='bbox 921 1885 1069 1940; x_wconf 86' lang='lat' dir='ltr'>aliqua</span> <span class='ocrx_word' id='word_1_221' title='bbox 1088 1886 1256 1927; x_wconf 89' lang='lat' dir='ltr'>utilitas</span> <span class='ocrx_word' id='word_1_222' title='bbox 1277 1900 1366 1941; x_wconf 90' lang='lat' dir='ltr'>que</span> <span class='ocrx_word' id='word_1_223' title='bbox 1387 1888 1442 1929; x_wconf 93' lang='lat' dir='ltr'>ad</span> <span class='ocrx_word' id='word_1_224' title='bbox 1464 1887 1610 1941; x_wconf 89' lang='lat' dir='ltr'>ipsum</span> <span class='ocrx_word' id='word_1_225' title='bbox 1633 1901 1820 1944; x_wconf 87' lang='lat' dir='ltr'>regnum</span> 
     </span>
     <span class='ocr_line' id='line_1_43' title="bbox 322 1957 1821 2013; baseline 0.001 -12"><span class='ocrx_word' id='word_1_226' title='bbox 322 1965 509 2013; x_wconf 89' lang='lat' dir='ltr'>spectat,</span> <span class='ocrx_word' id='word_1_227' title='bbox 553 1964 598 1998; x_wconf 89' lang='lat' dir='ltr'>et</span> <span class='ocrx_word' id='word_1_228' title='bbox 652 1969 738 1998; x_wconf 90' lang='lat' dir='ltr'>non</span> <span class='ocrx_word' id='word_1_229' title='bbox 793 1964 1120 2011; x_wconf 88' lang='lat' dir='ltr'>conquerantur</span> <span class='ocrx_word' id='word_1_230' title='bbox 1171 1957 1337 1998; x_wconf 88' lang='lat' dir='ltr'>subditi</span> <span class='ocrx_word' id='word_1_231' title='bbox 1387 1957 1451 1998; x_wconf 92' lang='lat' dir='ltr'>sui</span> <span class='ocrx_word' id='word_1_232' title='bbox 1494 1957 1642 2013; x_wconf 89' lang='lat' dir='ltr'>aliquo</span> <span class='ocrx_word' id='word_1_233' title='bbox 1683 1960 1821 2002; x_wconf 89' lang='lat' dir='ltr'>modo</span> 
     </span>
     <span class='ocr_line' id='line_1_44' title="bbox 320 2026 1821 2084; baseline 0.001 -14"><span class='ocrx_word' id='word_1_234' title='bbox 320 2027 599 2083; x_wconf 89' lang='lat' dir='ltr'>querimonie</span> <span class='ocrx_word' id='word_1_235' title='bbox 635 2027 715 2068; x_wconf 89' lang='lat' dir='ltr'>nisi</span> <span class='ocrx_word' id='word_1_236' title='bbox 757 2026 800 2067; x_wconf 92' lang='lat' dir='ltr'>in</span> <span class='ocrx_word' id='word_1_237' title='bbox 843 2026 1067 2080; x_wconf 88' lang='lat' dir='ltr'>permissis</span> <span class='ocrx_word' id='word_1_238' title='bbox 1103 2027 1291 2077; x_wconf 82' lang='lat' dir='ltr'>casibus,</span> <span class='ocrx_word' id='word_1_239' title='bbox 1329 2028 1371 2069; x_wconf 89' lang='lat' dir='ltr'>in</span> <span class='ocrx_word' id='word_1_240' title='bbox 1409 2028 1572 2082; x_wconf 80' lang='lat' dir='ltr'>quibus</span> <span class='ocrx_word' id='word_1_241' title='bbox 1610 2030 1821 2084; x_wconf 89' lang='lat' dir='ltr'>prodesse</span> 
     </span>
     <span class='ocr_line' id='line_1_45' title="bbox 321 2099 825 2154; baseline -0.004 -13"><span class='ocrx_word' id='word_1_242' title='bbox 321 2099 500 2154; x_wconf 90' lang='lat' dir='ltr'>poterit.</span> <span class='ocrx_word' id='word_1_243' title='bbox 820 2149 825 2152; x_wconf 90' lang='lat'><em>.</em></span> 
     </span>
    </p>

    <p class='ocr_par' dir='ltr' id='par_1_19' title="bbox 320 2168 1820 2364">
     <span class='ocr_line' id='line_1_46' title="bbox 383 2168 1820 2224; baseline 0.001 -13"><span class='ocrx_word' id='word_1_244' title='bbox 383 2169 607 2224; x_wconf 78' lang='lat' dir='ltr'>Quartum</span> <span class='ocrx_word' id='word_1_245' title='bbox 630 2169 855 2211; x_wconf 91' lang='lat' dir='ltr'>decimum</span> <span class='ocrx_word' id='word_1_246' title='bbox 874 2174 940 2209; x_wconf 88' lang='lat' dir='ltr'>est</span> <span class='ocrx_word' id='word_1_247' title='bbox 962 2168 1082 2222; x_wconf 91' lang='lat' dir='ltr'>quod</span> <span class='ocrx_word' id='word_1_248' title='bbox 1103 2181 1191 2209; x_wconf 91' lang='lat' dir='ltr'>non</span> <span class='ocrx_word' id='word_1_249' title='bbox 1214 2169 1271 2210; x_wconf 89' lang='lat' dir='ltr'>sit</span> <span class='ocrx_word' id='word_1_250' title='bbox 1293 2169 1507 2211; x_wconf 87' lang='lat' dir='ltr'>verbosus</span> <span class='ocrx_word' id='word_1_251' title='bbox 1522 2169 1591 2211; x_wconf 91' lang='lat' dir='ltr'>vel</span> <span class='ocrx_word' id='word_1_252' title='bbox 1612 2170 1820 2212; x_wconf 85' lang='lat' dir='ltr'>emittens</span> 
     </span>
     <span class='ocr_line' id='line_1_47' title="bbox 321 2237 1818 2295; baseline 0.001 -14"><span class='ocrx_word' id='word_1_253' title='bbox 321 2240 483 2282; x_wconf 87' lang='lat' dir='ltr'>multos</span> <span class='ocrx_word' id='word_1_254' title='bbox 515 2240 640 2288; x_wconf 85' lang='lat' dir='ltr'>risus,</span> <span class='ocrx_word' id='word_1_255' title='bbox 661 2239 767 2293; x_wconf 89' lang='lat' dir='ltr'>quia</span> <span class='ocrx_word' id='word_1_256' title='bbox 800 2238 1101 2293; x_wconf 86' lang='lat' dir='ltr'>temperancia</span> <span class='ocrx_word' id='word_1_257' title='bbox 1131 2239 1318 2280; x_wconf 89' lang='lat' dir='ltr'>multum</span> <span class='ocrx_word' id='word_1_258' title='bbox 1346 2239 1489 2294; x_wconf 91' lang='lat' dir='ltr'>placet</span> <span class='ocrx_word' id='word_1_259' title='bbox 1521 2239 1787 2290; x_wconf 90' lang='lat' dir='ltr'>hominibus,</span> <span class='ocrx_word' id='word_1_260' title='bbox 1812 2237 1818 2295; x_wconf 83' lang='grc' dir='ltr'>Ι</span> 
     </span>
     <span class='ocr_line' id='line_1_48' title="bbox 320 2309 1641 2364; baseline 0 -13"><span class='ocrx_word' id='word_1_261' title='bbox 320 2310 541 2352; x_wconf 86' lang='lat' dir='ltr'>exhibens</span> <span class='ocrx_word' id='word_1_262' title='bbox 562 2323 609 2351; x_wconf 89' lang='lat' dir='ltr'>se</span> <span class='ocrx_word' id='word_1_263' title='bbox 631 2309 851 2351; x_wconf 88' lang='lat' dir='ltr'>curialiter</span> <span class='ocrx_word' id='word_1_264' title='bbox 873 2309 1129 2351; x_wconf 89' lang='lat' dir='ltr'>hominibus</span> <span class='ocrx_word' id='word_1_265' title='bbox 1151 2315 1195 2350; x_wconf 90' lang='lat' dir='ltr'>et</span> <span class='ocrx_word' id='word_1_266' title='bbox 1217 2309 1408 2364; x_wconf 87' lang='lat' dir='ltr'>benigne</span> <span class='ocrx_word' id='word_1_267' title='bbox 1431 2315 1641 2352; x_wconf 87' lang='lat' dir='ltr'>tractans.</span> 
     </span>
    </p>
   </div>
   <div class='ocr_carea' id='block_1_12' title="bbox 524 2419 709 2424">
    <p class='ocr_par' dir='ltr' id='par_1_20' title="bbox 524 2419 709 2424">
     <span class='ocr_line' id='line_1_49' title="bbox 524 2419 709 2424; baseline 0 0"><span class='ocrx_word' id='word_1_268' title='bbox 524 2419 709 2424; x_wconf 95' lang='lat' dir='ltr'> </span> 
     </span>
    </p>
   </div>
   <div class='ocr_carea' id='block_1_13' title="bbox 377 2421 520 2425">
    <p class='ocr_par' dir='ltr' id='par_1_21' title="bbox 377 2421 520 2425">
     <span class='ocr_line' id='line_1_50' title="bbox 377 2421 520 2425; baseline 0 0"><span class='ocrx_word' id='word_1_269' title='bbox 377 2421 520 2425; x_wconf 95' lang='lat' dir='ltr'> </span> 
     </span>
    </p>
   </div>
   <div class='ocr_carea' id='block_1_14' title="bbox 379 2474 1818 2526">
    <p class='ocr_par' dir='ltr' id='par_1_22' title="bbox 379 2474 1818 2526">
     <span class='ocr_line' id='line_1_51' title="bbox 379 2474 1818 2526; baseline 0.001 -12"><span class='ocrx_word' id='word_1_270' title='bbox 379 2477 386 2495; x_wconf 87' lang='lat'>¹</span> <span class='ocrx_word' id='word_1_271' title='bbox 420 2477 583 2522; x_wconf 86' lang='lat' dir='ltr'>scilicet,</span> <span class='ocrx_word' id='word_1_272' title='bbox 625 2475 850 2515; x_wconf 84' lang='lat' dir='ltr'>intellectus</span> <span class='ocrx_word' id='word_1_273' title='bbox 889 2475 956 2526; x_wconf 86' lang='lat' dir='ltr'>qui</span> <span class='ocrx_word' id='word_1_274' title='bbox 997 2476 1134 2514; x_wconf 86' lang='lat' dir='ltr'>omnia</span> <span class='ocrx_word' id='word_1_275' title='bbox 1172 2475 1315 2525; x_wconf 84' lang='lat' dir='ltr'>reperit</span> <span class='ocrx_word' id='word_1_276' title='bbox 1354 2474 1531 2515; x_wconf 88' lang='lat' dir='ltr'>numeris</span> <span class='ocrx_word' id='word_1_277' title='bbox 1560 2474 1750 2515; x_wconf 83' lang='lat' dir='ltr'>distincta</span> <span class='ocrx_word' id='word_1_278' title='bbox 1778 2483 1818 2515; x_wconf 88' lang='lat' dir='ltr'>et</span> 
     </span>
    </p>
   </div>
   <div class='ocr_carea' id='block_1_15' title="bbox 323 2531 618 2624">
    <p class='ocr_par' dir='ltr' id='par_1_23' title="bbox 323 2531 618 2624">
     <span class='ocr_line' id='line_1_52' title="bbox 323 2531 518 2570; baseline 0 -1"><span class='ocrx_word' id='word_1_279' title='bbox 323 2531 518 2570; x_wconf 81' lang='lat' dir='ltr'>ordinata.</span> 
     </span>
     <span class='ocr_line' id='line_1_53' title="bbox 377 2585 618 2624; baseline -0.004 0"><span class='ocrx_word' id='word_1_280' title='bbox 377 2585 390 2606; x_wconf 87' lang='lat'><strong>²</strong></span> <span class='ocrx_word' id='word_1_281' title='bbox 420 2586 618 2624; x_wconf 88' lang='lat' dir='ltr'>homines.</span> 
     </span>
    </p>
   </div>
   <div class='ocr_carea' id='block_1_16' title="bbox 371 2744 1101 2787">
    <p class='ocr_par' dir='ltr' id='par_1_24' title="bbox 371 2744 1101 2787">
     <span class='ocr_line' id='line_1_54' title="bbox 371 2744 1101 2787; baseline 0.001 -11"><span class='ocrx_word' id='word_1_282' title='bbox 371 2757 386 2785; x_wconf 78' lang='lat'>7</span> <span class='ocrx_word' id='word_1_283' title='bbox 413 2744 652 2785; x_wconf 80' lang='lat' dir='ltr'>Alteredsrom</span> <span class='ocrx_word' id='word_1_284' title='bbox 671 2746 705 2776; x_wconf 91' lang='lat' dir='ltr'>in</span> <span class='ocrx_word' id='word_1_285' title='bbox 724 2746 863 2787; x_wconf 86' lang='lat' dir='ltr'>crapula</span> <span class='ocrx_word' id='word_1_286' title='bbox 880 2752 915 2777; x_wconf 82' lang='lat' dir='ltr'>et</span> <span class='ocrx_word' id='word_1_287' title='bbox 933 2745 1101 2777; x_wconf 74' lang='lat' dir='ltr'>ebrietate</span> 
     </span>
    </p>
   </div>
   <div class='ocr_carea' id='block_1_17' title="bbox 1881 0 1908 3126">
    <p class='ocr_par' dir='ltr' id='par_1_25' title="bbox 1881 0 1908 3126">
     <span class='ocr_line' id='line_1_55' title="bbox 1881 0 1908 3126; baseline 0 0"><span class='ocrx_word' id='word_1_288' title='bbox 1881 0 1908 3126; x_wconf 95' lang='lat' dir='ltr'> </span> 
     </span>
    </p>
   </div>
  </div>
 </body>
</html>
