1908 3126
778 78 858 124 173

145 183 235 224 The
264 183 500 237 following
527 189 731 237 passages
771 197 849 224 are
891 182 1089 226 inserted
1126 183 1171 224 in
1204 183 1274 224 tlte
1314 182 1475 224 edition
1510 181 1562 234 of

82 252 302 295 Acllz'llz'ni
325 264 449 308 1500,
470 253 562 294 and
579 254 625 294 in
650 252 768 295 those
791 253 932 294 wlciclc
954 252 1103 294 darive
1114 253 1241 305 from
1264 253 1313 294 it.

141 350 301 405 (125.G
313 349 358 404 ¹.)
388 350 626 392 Sciendum
643 357 791 392 tamen
807 351 926 404 quod
943 351 1051 392 scire
1068 351 1309 404 producere
1323 356 1554 404 argentum
1575 355 1816 422 ffffgffiffg'cffiss‘ss

81 428 124 462 et
146 434 314 472 aurum,
332 434 482 462 verum
506 428 571 461 est
591 420 859 475 impossibile
878 436 886 461 :
919 421 1130 474 quoniam
1148 434 1234 460 non
1259 426 1325 460 est
1349 419 1556 473 possibile

81 491 326 544 equiparari
363 491 462 531 Deo
495 490 726 531 Altissimo
762 490 804 530 in
839 491 1045 544 operibus
1079 490 1166 530 suis
1201 489 1400 544 propriis.
1465 489 1553 531 Sed
1575 474 1678 536 {23:²¹¹
1692 474 1803 508 ⁰¹¹¹y‘0

80 573 180 601 cum
222 561 441 602 declarata
482 561 640 601 fuerint
692 560 772 601 hec
815 574 892 613 per
943 559 1187 601 accidentia
1228 559 1322 612 ipsa
1360 572 1557 612 compre-

43 640 61 672 5
82 631 334 681 hendentur,
367 631 459 671 sine
493 631 827 683 impedimento,
863 635 906 670 et
949 629 1029 670 hec
1072 637 1137 669 est
1174 642 1348 669 summa
1382 628 1558 669 institu-

80 700 247 756 tionum
288 700 639 740 necessariarum.
719 698 997 739 Conveniens
1033 704 1099 738 est
1123 711 1228 750 ergo
1261 697 1480 751 negociari
1514 697 1557 736 in
1576 682 1794 749 Ξῖῗὲξῑζζζώθ

80 768 401 810 accidentibus:
436 768 643 821 quoniam
679 781 777 808 cum
819 767 1021 808 iverimus
1059 768 1101 807 in
1134 767 1239 820 ipsis
1277 768 1442 807 directa
1473 767 1556 815 via,

81 839 248 879 celatur
275 838 506 892 dispositio
535 850 700 877 eorum.
762 836 930 890 Accipe
958 837 1087 889 igitur
1118 836 1428 890 auripigmenti
1463 850 1557 889 par·
1576 833 1742 901 ξζξξῐῗιέζῇζὴ

81 917 172 951 tem
194 924 202 949 ε
236 914 280 949 et
302 921 414 962 pone
436 908 478 948 in
500 914 626 948 aceto
648 908 786 947 donec
816 906 1004 947 albefiat.
1068 906 1225 946 Postea
1247 919 1361 959 pone
1384 912 1554 958 partem

26 989 64 1011 10
82 979 252 1032 argenti
288 978 375 1018 vivi
413 983 456 1018 et
489 976 683 1030 argenti:
716 982 759 1017 et
791 976 980 1016 comisce
1012 989 1112 1016 cum
1145 975 1241 1016 oleo
1271 988 1477 1015 ovorum:
1512 981 1556 1015 et

84 1062 197 1102 pone
221 1048 262 1087 in
294 1045 529 1088 crucibulo.
593 1045 653 1085 Et
684 1045 719 1085 si
752 1045 974 1099 egreditur
1005 1044 1167 1092 album,
1201 1045 1314 1085 sicut
1347 1044 1439 1084 avis
1470 1057 1555 1096 que
1576 1038 1774 1106 22¹{ssssgiy'2nd

84 1124 267 1159 vocatur
298 1117 341 1157 in
374 1115 571 1156 Arabico
602 1114 771 1154 achavo
801 1121 844 1156 et
874 1114 916 1154 in
944 1113 1165 1154 Hebraico
1196 1127 1331 1166 peres,
1356 1113 1557 1154 laudetur
1576 1106 1670 1141 suver·

84 1187 231 1228 Deus:
265 1186 298 1226 si
332 1199 430 1235 non,
463 1198 650 1238 reponas
679 1184 826 1236 quoad
861 1189 1152 1224 convertatur.
1214 1183 1274 1223 Et
1306 1189 1411 1224 tunc
1442 1197 1556 1237 pone
1578 1177 1813 1244 ξζζῗξθξῐξὲζῇξῖεῃ

81 1255 255 1311 (unum)
290 1262 461 1308 partem
496 1268 627 1307 super
660 1259 831 1307 septem
866 1253 1034 1303 Martis,
1068 1258 1111 1293 et
1144 1266 1279 1293 unum
1312 1252 1483 1293 album:
1515 1259 1559 1293 et

28 1337 65 1369 ¹5
86 1328 167 1369 erit
213 1325 444 1367 laudabile.
509 1324 614 1366 Post
655 1324 805 1376 accipe
847 1337 905 1364 ex
949 1325 1043 1363 ‘ros
1085 1321 1296 1376 chasag’:
1341 1328 1384 1363 et
1426 1323 1559 1363 facias

60 1397 317 1437 >comedere
354 1410 411 1436 ex
444 1408 496 1435 eo
531 1408 667 1448 peres,
711 1394 831 1452 quod
874 1399 1056 1433 vocatur
1091 1392 1230 1433 achav
1273 1392 1315 1432 in
1353 1392 1563 1442 Arabico,

85 1480 314 1521 quousque
344 1471 620 1507 convertetur
644 1454 810 1505 viflde:
845 1470 888 1504 et
912 1464 1045 1503 misce
1073 1475 1222 1502 secum
1244 1462 1460 1515 sciavzag,
1482 1461 1562 1516 (et)

85 1552 196 1587 cera,
222 1545 266 1578 et
287 1536 435 1577 omnia
458 1549 557 1576 cum
580 1535 676 1575 oleo
707 1547 888 1575 ovorum
907 1549 915 1573 :
949 1540 992 1574 et
1015 1547 1129 1586 pone
1156 1532 1309 1587 <unum
1332 1519 1561 1587 drachma>
1581 1532 1816 1599 ffiffiffifjaffffm

86 1622 142 1648 ex
172 1620 303 1660 super
334 1607 422 1647 duo
454 1619 512 1645 ex
544 1604 636 1646 sole
669 1611 711 1645 et
746 1603 843 1644 luna
882 1604 924 1643 in
955 1603 1129 1644 duobus
1162 1602 1375 1656 partibus,
1405 1610 1447 1643 et
1481 1603 1562 1644 erit

28 1683 67 1706 ²0
87 1676 322 1718 laudabile.

144 1748 258 1797 (126.
285 1745 356 1799 G.)
401 1745 460 1786 Et
496 1744 630 1785 facias
665 1742 845 1784 anulum
885 1755 943 1782 ex
976 1746 1160 1795 argento
1202 1747 1246 1783 et
1287 1755 1394 1782 auro
1436 1755 1559 1794 puro,
1583 1743 1801 1810 ἷζοξξὲῑξηῖὃηῡῐ

87 1825 129 1858 et
167 1831 225 1857 ex
261 1815 357 1857 acui
392 1816 541 1864 rubeo,
573 1820 616 1854 et
653 1813 802 1866 sculpe
833 1812 875 1851 in
907 1825 959 1852 eo
998 1810 1184 1851 formam
1218 1810 1363 1863 puelle
1389 1811 1560 1851 discho-

87 1893 243 1940 operto
295 1885 451 1939 capite,
509 1882 752 1924 exultantis
803 1888 847 1922 et
900 1880 1178 1921 fortificantis
1230 1886 1274 1920 et
1326 1880 1564 1932 equitantis

87 1957 270 2003 leonem,
295 1962 340 1995 et
372 1954 563 1995 salutent
595 1965 741 1994 coram
776 1951 870 2004 ipsa
901 1964 981 1991 sex
1013 1949 1228 1998 homines,
1252 1949 1293 1988 in
1327 1963 1456 1990 mane
1478 1950 1561 1989 diei

30 2044 68 2075 25
88 2027 230 2080 primi,
253 2032 297 2066 et
319 2025 426 2065 hora
449 2023 551 2063 solis
573 2028 615 2062 et
638 2022 779 2062 sidere
803 2019 953 2069 leonis,
976 2026 1020 2060 et
1048 2018 1154 2060 Sole
1183 2019 1225 2058 in
1251 2032 1304 2059 eo
1323 2034 1332 2059 ε
1366 2025 1410 2059 et
1433 2017 1562 2059 Luna

88 2097 130 2137 in
174 2095 312 2148 gradu
355 2093 527 2133 decimo
569 2090 662 2139 celi,
697 2090 816 2143 quod
845 2094 1028 2129 vocatur
1071 2088 1229 2141 seraph
1268 2087 1310 2127 in
1353 2086 1562 2138 Arabico,

88 2172 132 2207 et
155 2165 233 2206 erit
256 2164 376 2204 rethe
398 2177 423 2202 a
445 2160 750 2202 remotioribus
768 2172 825 2199 ex
844 2172 908 2198 eO.
974 2158 1229 2198 Portantem
1252 2157 1366 2198 hunc
1380 2157 1559 2197 anulum
1584 2170 1677 2198 which
1691 2171 1790 2204 brings

89 2233 370 2275 honorabunt
408 2240 451 2272 et
491 2231 587 2271 voci
625 2243 702 2270 sue
736 2228 945 2271 obediens
983 2227 1024 2267 in
1058 2228 1142 2268 hoc
1172 2226 1329 2277 seculo,
1362 2233 1406 2267 et
1435 2205 1762 2267 nemo¹31‘3221'iue‘12ss'e'.d

90 2304 270 2345 evitabit
295 2304 335 2342 in
361 2315 493 2341 manu
521 2314 611 2340 sua.

31 2389 71 2421 30
150 2373 262 2427 (127.
287 2371 356 2426 G.)
377 2371 465 2412 Bis.
499 2370 651 2424 Ipsum
690 2375 755 2409 est
788 2382 843 2408 ex
877 2366 1052 2408 venenis
1080 2372 1123 2406 et
1155 2365 1351 2419 magnis:
1395 2372 1439 2407 et
1477 2379 1563 2406 non
1586 2369 1704 2407 Agieat
1720 2374 1819 2407 poison

91 2449 276 2498 apparet
308 2443 349 2483 in
385 2440 530 2482 colore
561 2454 640 2480 suo
678 2452 777 2478 cum
815 2438 1002 2487 videtur,
1032 2449 1173 2488 neque
1203 2436 1244 2475 in
1276 2449 1432 2488 sapore
1465 2449 1563 2476 cum

91 2520 319 2569 gustatur:
354 2511 458 2564 quia
489 2523 576 2550 non
608 2515 674 2549 est
707 2508 749 2548 in
790 2521 841 2547 eo
873 2506 1120 2547 amaritudo
1146 2506 1258 2547 sicut
1291 2505 1332 2545 in
1365 2505 1564 2546 basilisco
1585 2494 1792 2556 ffiffluttaste
1807 2504 1839 2521 ΟΥ

91 2590 167 2624 aut
191 2582 300 2633 felle,
323 2587 398 2622 aut
424 2580 535 2620 sicut
558 2592 632 2632 syr
661 2577 779 2618 aurei
809 2577 926 2630 quod
957 2582 1141 2616 vocatur
1163 2573 1342 2616 ‘calas'.
1406 2573 1565 2615 Incon—

92 2651 268 2693 ve‘niens
291 2657 356 2692 est
390 2650 520 2703 igitur
551 2649 670 2702 quod
704 2660 791 2687 non
818 2647 873 2686 sit
907 2659 1045 2700 prope
1077 2652 1148 2686 te:
1179 2645 1388 2698 quoniam
1422 2645 1565 2698 ipsum

142 2747 160 2769 1-
181 2748 208 2774 C
228 2748 337 2778 refers
352 2751 386 2778 to
405 2746 461 2777 the
480 2745 623 2785 chapter
641 2744 675 2775 in
693 2744 752 2775 the
773 2743 929 2775 Hebrew
946 2746 1021 2774 text
1039 2741 1221 2783 published
1238 2741 1283 2782 by
1298 2742 1357 2774 Dr.
1373 2741 1514 2773 Gaster.
