1908 3126
770 94 867 152 157‘

6 259 7 266 χ
126 214 373 270 Capitulum
397 226 435 256 ‚2
446 227 477 254 1.
511 213 564 254 de
576 215 876 256 convenimcia
891 219 1241 269 sltpracclestinm
1254 233 1350 260 cnm
1368 221 1544 274 inferio-
1783 216 1833 268 N

65 285 199 335 ribus,
220 284 389 333 scilicet,
412 283 602 337 qualiter
621 284 848 338 superiora
872 285 1156 329 dominantur
1185 290 1468 343 inferioribus
1488 289 1550 330 aa'

4 342 7 394 l
53 353 382 410 fortnnandmn
405 366 546 407 regem
568 359 611 393 ct
620 354 943 408 pacificandum
966 358 1157 410 regiones
1178 366 1228 399 nt
1246 359 1330 401 sibi
1348 359 1550 403 obediant

59 425 210 480 gratis
245 423 338 464 siue
369 423 590 474 coaccione,
623 430 666 464 ct
697 431 762 464 est
790 426 1027 478 capitulum
1066 428 1380 471 incantacionis
1403 429 1544 484 philo-

4 537 8 548 ,
31 511 48 543 5
66 493 238 549 soplzice,
258 494 348 535 sive
371 491 420 534 de
432 493 558 547 ydcis
578 500 623 533 ct
631 494 811 546 formis.

216 580 489 630 Alexander,
525 580 617 633 jam
653 580 813 621 scivisti
851 582 955 622 illud
992 586 1111 636 quod
1155 593 1286 627 antea
1328 587 1549 628 sentencia
1569 588 1843 651 {fflssfissffiasscgnff

6 709 8 713 ι
193 651 376 692 tractavi
419 657 462 691 et
504 650 690 703 exposui
733 651 811 691 tibi
855 665 939 692 non
977 653 1124 706 semel,
1160 655 1294 708 quod,
1331 655 1551 709 videlicet,
1571 657 1597 684 1¹¹
1612 658 1773 688 substance,

7 769 8 772 Ἴ
70 721 321 762 substancia
361 719 490 772 hujus
537 720 689 760 mundi
742 720 948 762 universo
1001 721 1044 761 in
1088 722 1182 775 ejus
1228 725 1550 778 superioritate‚

70 789 397 845 posterioritate
420 795 463 830 et
487 787 787 838 inferioritate,
806 790 897 830 sive
919 790 1165 841 altitudine,
1184 795 1485 837 anterioritate
1508 804 1552 837 et

8 881 54 906 10
71 859 370 916 profunditate
394 872 479 900 una
502 866 579 909 est,
607 857 772 900 nullam
802 858 972 901 habens
993 861 1289 904 differenciam
1311 866 1552 907 secundum

8 929 9 933 ’
71 929 385 978 substanciam,
408 928 510 981 quia
542 927 635 980 ejus
663 926 669 983 Ι
697 928 950 970 differencia
979 930 1256 973 solummodo
1284 940 1348 974 est
1378 934 1421 975 in
1443 935 1553 976 acci-
1578 957 1637 988 119
1655 959 1683 977 a.

73 1000 291 1051 dentibus,
313 1005 358 1040 et
395 1000 488 1053 ejus
516 998 758 1040 existencia
792 1006 857 1040 est
892 1001 933 1040 in
968 1001 1107 1042 forma
1137 1009 1179 1043 et
1210 1003 1441 1045 coloribus.
1506 1004 1553 1046 Si
1574 1002 1683 1040 Fh0¹¹gh
1697 1000 1827 1027 different

1573 1045 1600 1061 in
1615 1035 1767 1061 accidents.

73 1069 206 1124 igitur
242 1068 363 1110 nulla
401 1083 468 1109 res
505 1066 651 1108 differt
689 1067 731 1108 in
768 1068 924 1123 seipsa,
962 1084 1238 1125 consequens
1279 1080 1344 1114 est
1383 1081 1430 1115 ut
1461 1075 1555 1128 ejus

74 1139 330 1182 differencia
366 1139 423 1179 sit
458 1139 514 1179 ab
552 1137 651 1179 alia.
727 1137 951 1192 Quicquid
986 1140 1118 1194 igitur
1152 1143 1354 1184 videmus
1387 1144 1430 1185 in
1472 1146 1554 1186 hoc
1575 1154 1754 1188 Everything
1768 1164 1825 1180 mu-

20 1229 55 1262 ¹5
75 1209 240 1250 mundo
272 1207 598 1262 corrumptibili
629 1207 686 1248 de
716 1209 896 1257 naturis,
928 1222 1012 1262 que
1045 1211 1188 1264 primo
1223 1212 1482 1255 dividuntur
1511 1215 1553 1254 in
1573 1189 1805 1249 ἑῗιὶιῖιῗὲηᾱῗῗῑῗζεῗ

1575 1257 1634 1284 into
1648 1258 1695 1283 the
1710 1257 1771 1283 four

74 1286 264 1333 quatuor
285 1284 445 1333 partes,
465 1283 570 1319 sunt
598 1289 651 1327 .4.
681 1276 910 1319 elementa.
976 1279 1153 1321 Deinde
1184 1282 1390 1336 quicquid
1422 1297 1554 1338 gene·
1574 1292 1719 1318 elements-

77 1355 197 1390 ratur
217 1362 273 1389 ex
299 1348 384 1389 hiis
407 1348 463 1388 de
485 1346 785 1401 originalibus,
812 1347 855 1388 id
879 1354 945 1388 est
968 1349 1145 1390 mineris
1167 1351 1236 1391 vel
1263 1352 1557 1400 minemlibus,

77 1417 400 1472 vegetabilibus
422 1423 467 1458 et
484 1415 761 1469 animalibus,
777 1416 871 1470 ejus
890 1431 1019 1459 causa
1037 1425 1103 1460 est
1119 1434 1176 1460 ex
1196 1422 1360 1462 mundo
1378 1423 1561 1464 circum-

79 1488 214 1530 dante
227 1488 370 1542 ipsum
388 1487 654 1537 universum,
671 1493 842 1540 partem
860 1487 1026 1529 scilicet
1040 1489 1314 1543 corporalem
1330 1498 1373 1533 et
1391 1499 1560 1546 partem

21 1577 61 1600 20
78 1557 417 1613 supercelestem
448 1563 492 1599 et
518 1557 815 1612 spiritualem:
847 1557 929 1599 hec
952 1564 1018 1599 est
1048 1573 1180 1601 causa
1206 1560 1299 1614 ejus
1321 1562 1563 1603 existencie

79 1635 123 1670 et
144 1641 298 1683 regens
319 1628 476 1681 ipsum.

137 1698 343 1753 Apparet
383 1698 517 1753 igitur
559 1700 680 1753 quod
723 1714 879 1742 omnes
918 1701 1056 1743 forme
1091 1700 1316 1743 inferiores
1358 1709 1564 1756 regantur
1583 1716 1850 1755 Auterrenesprms

82 1782 107 1809 a
143 1768 294 1810 formis
326 1768 695 1822 supracelestibus
729 1771 911 1824 spericis
946 1770 1260 1825 spiritualibus,
1294 1778 1338 1812 et
1380 1771 1460 1813 hec
1498 1779 1565 1813 est
1582 1750 1837 1818 ἶζῖἔιῖζῗζὲιῗὲιὺγ

1534 1842 1542 1850 ,
1583 1820 1668 1846 forms
1681 1829 1686 1845 :

82 1852 213 1880 causa
234 1839 498 1880 conveniens
520 1839 725 1893 operibus
747 1841 1198 1889 incantamentorum,
1221 1841 1266 1882 id
1289 1848 1367 1891 est,
1390 1855 1564 1897 ymagi-
1584 1853 1640 1879 this
1654 1852 1676 1879 is
1690 1852 1737 1878 the
1749 1860 1833 1878 cause

25 1924 62 1957 25
82 1921 197 1949 num.
273 1908 334 1950 Et
365 1908 448 1949 iste
478 1908 617 1951 forme
648 1911 814 1964 sperice
843 1917 944 1952 sunt
973 1910 1097 1952 firme
1119 1910 1162 1951 in
1184 1910 1393 1964 gradibus
1415 1910 1562 1952 firma·
1583 1886 1847 1914 OfeHChammems‘

83 1978 233 2020 menti.
312 1977 373 2020 Et
406 1984 578 2032 septem
613 1986 717 2020 sunt
751 1980 821 2021 vie
855 1980 927 2022 ille
962 1987 1164 2034 regentes
1196 1980 1442 2033 superiores
1478 1995 1564 2035 que
1582 1991 1644 2017 The
1658 1990 1753 2022 things
1767 1989 1799 2016 of

1584 2024 1640 2052 this
1654 2024 1741 2050 world
1754 2032 1795 2049 re-

84 2047 298 2102 recipiunt
345 2047 653 2101 impressiones
697 2063 846 2090 earum
872 2048 886 2071 ¹
930 2050 973 2090 in
1015 2050 1104 2090 suis
1151 2048 1402 2101 luminibus,
1452 2050 1565 2091 sicut
1583 2057 1852 2119 &ggjffifjgssim

86 2117 238 2172 recipit
277 2117 396 2159 visus
440 2123 485 2158 et
531 2119 687 2160 mulier
729 2133 948 2174 pregnans
986 2120 1125 2173 ydeas
1167 2125 1212 2160 et
1258 2119 1566 2161 similitudines
1584 2126 1780 2165 acc9rdingt0

86 2200 230 2228 rerum
256 2194 300 2228 et
322 2201 472 2228 earum
498 2187 677 2241 formas,
703 2197 747 2230 et
777 2189 1028 2244 producunt
1061 2203 1134 2230 eas
1163 2189 1219 2229 ad
1252 2189 1471 2230 mundum
1503 2189 1566 2230 in·
1586 2161 1795 2227 fflfflgfuscepn

29 2301 69 2334 30
142 2291 152 2311 ¹
183 2303 334 2329 eorum.

134 2398 170 2418 11
196 2389 449 2430 accidentibus]
468 2388 664 2420 accionibus
681 2388 756 2419 MS.
1016 2389 1058 2418 28
1083 2387 1205 2419 mulier
1222 2387 1412 2430 pregnans]
1430 2387 1565 2420 Arabic.

89 2440 264 2480 speculum
282 2440 436 2481 politum.

137 2540 151 2560 1
178 2530 261 2561 This
289 2530 419 2561 section
449 2530 477 2560 is
506 2530 650 2561 omitted
679 2530 711 2560 in
742 2531 800 2560 the
832 2529 994 2568 ordinary
1021 2528 1188 2559 versions.
1235 2527 1267 2558 A
1293 2527 1407 2559 better
1435 2529 1508 2560 title
1541 2530 1569 2560 is

91 2581 251 2622 supplied
285 2582 332 2622 by
363 2582 423 2613 the
456 2582 530 2613 first
563 2586 737 2613 corrector
767 2581 806 2612 of
834 2581 902 2612 this
936 2579 1010 2612 MS.
1041 2580 1108 2611 and
1137 2580 1171 2610 in
1205 2590 1301 2611 some
1335 2581 1436 2612 other
1469 2581 1571 2613 MSS.

94 2633 322 2677 ‘R(ubrica>.
372 2634 491 2666 Diccio
515 2634 648 2665 decima
671 2635 714 2665 de
739 2633 898 2665 scienciis
929 2633 1258 2664 incantamentorum
1291 2638 1326 2664 et
1356 2634 1398 2665 de
1430 2635 1573 2666 secretis

68 2691 273 2727 .astrorum‚
301 2692 336 2718 et
366 2687 409 2718 de
438 2683 665 2718 inclinacione
696 2686 886 2717 animorum
920 2690 954 2716 et
985 2685 1027 2716 de
1061 2684 1329 2725 proprietatibus
1360 2685 1512 2726 lapidum
1539 2691 1573 2718 et

63 2754 67 2757 -
95 2738 306 2770 herbarum!
