1908 3126
794 128 819 170 3

122 232 172 269 Et
201 231 274 268 hec
306 228 587 267 mathematica
617 228 795 268 continet
827 237 997 279 quatuor
1025 229 1227 276 sciencias,
1255 228 1416 275 scilicet,
1441 229 1544 267 Geo-

69 296 260 342 metriam‚
293 293 585 341 Arsmetricam,
620 294 832 342 Musicam,
863 294 1130 344 Astrologiam
1158 294 1162 346 A
1189 295 1263 333 sub
1303 308 1382 344 qua
1414 295 1544 332 Astro-
1566 305 1579 325 -‘
1601 307 1632 329 a.

67 362 182 412 logia,
200 359 455 399 Astronomia
470 359 663 409 judicaria
678 368 716 398 et
738 360 939 410 operativa
955 360 1104 410 vulgari
1120 361 1284 399 nomine
1305 359 1542 398 continetur.

68 428 131 465 De
155 426 300 477 quibus
330 424 511 464 scienciis
533 424 798 465 Cassiodorus
823 424 974 464 ibidem
1000 425 1214 475 subjungit,
1237 426 1401 464 dicens:
1434 426 1546 462 ‘Has

28 499 46 532 5
66 490 256 531 sciencias
277 499 447 541 quatuor
467 491 563 529 dum
586 490 739 529 solicita
757 499 889 529 mente
911 491 1148 530 revolvimus
1166 506 1175 538 ς
1203 504 1363 530 sensum
1384 497 1545 536 acuunt,

67 556 287 607 limumque
307 555 534 606 ignorancie
555 556 775 606 detergunt,
800 564 837 594 et
858 557 909 594 ad
931 555 1037 594 illam
1061 556 1277 607 spectivam
1305 557 1547 606 contempla-

66 622 234 669 cionem,
260 621 438 660 Domino
462 621 662 671 largiente,
685 622 909 672 perducunt
924 622 955 659 'z
987 635 1085 672 quas
1108 621 1248 661 merito
1270 621 1395 660 sancti
1416 629 1546 672 patres

65 688 252 739 legendas
283 687 534 737 persuadent,
567 686 659 736 quia
689 700 735 725 ex
767 700 909 737 magna
939 694 1049 737 parte
1079 700 1147 737 per
1181 701 1246 726 eas
1286 686 1484 738 appetitus
1524 701 1547 725 a

66 752 290 802 carnalibus
306 752 423 791 rebus
439 751 677 791 abstrahitur
693 760 731 791 et
752 751 902 791 faciunt
916 752 1141 791 desiderare
1158 766 1236 802 que
1253 754 1352 799 solo,
1367 751 1546 791 Domino

12 834 50 858 ιο
68 818 270 869 largiente,
289 819 410 856 corde
431 830 644 868 possumus
664 818 852 867 aspicere.

123 886 173 923 Et
189 884 286 923 dicit
307 884 417 934 quod
438 884 529 922 ideo
550 884 624 922 hec
646 882 927 922 mathematica
947 883 1091 922 dicitur
1107 883 1337 922 doctrinalis
1353 885 1414 922 vel
1436 883 1549 922 disei-

68 949 235 1001 plinalis,
259 948 352 999 quia
381 962 520 987 omnes
549 949 625 987 alie
656 947 827 987 sciencie
855 961 924 998 per
954 949 1058 987 hanc
1083 949 1279 987 docentur
1304 956 1342 987 et
1369 950 1454 987 sine
1484 947 1549 987 illa

68 1029 150 1055 non
179 1023 346 1066 possunt
376 1013 523 1053 doceri.
583 1015 706 1062 Quod
735 1013 853 1052 etiam
878 1013 1031 1053 Boitius
1053 1014 1093 1052 in
1114 1016 1278 1064 prologo
1299 1014 1550 1052 Arithmetice

70 1082 211 1120 edocet
238 1081 451 1119 evidenter.
513 1081 579 1118 Set
605 1078 824 1130 glomerelli
850 1079 1073 1119 nescientes
1099 1080 1285 1127 Grecum,
1308 1087 1549 1131 corumpunt

13 1161 49 1193 15
68 1146 202 1186 omnia
223 1146 418 1185 vocabula
441 1145 583 1193 Greca,
600 1159 646 1184 ex
663 1145 809 1195 quibus
823 1147 949 1196 major
965 1159 1054 1196 pars
1071 1145 1204 1197 lingue
1226 1146 1368 1185 Latine
1389 1158 1551 1196 compo-

68 1213 182 1259 nitur,
202 1213 308 1251 unde
329 1224 376 1249 ex
397 1224 541 1261 magna
562 1224 632 1249 sua
648 1210 876 1262 ignorancia
895 1213 1155 1262 vulgaverunt
1171 1213 1244 1251 hos
1261 1225 1395 1251 versus
1412 1213 1548 1250 falsos:

285 1276 391 1316 Scire
421 1276 513 1315 facit
541 1276 712 1324 matesis,
745 1284 803 1315 set
834 1276 1011 1316 divinare
1042 1277 1230 1316 mathesis

286 1342 519 1393 Philosophi
550 1343 744 1389 matesim,
778 1341 919 1392 magici
951 1342 1095 1381 dixere'
1114 1345 1336 1383 mathesim.

124 1409 174 1447 Et
209 1415 338 1447 errant
368 1407 408 1446 in
439 1421 557 1447 sensu
589 1415 627 1446 et
656 1406 857 1457 scriptura,
891 1415 933 1446 ut
963 1415 1071 1458 patet
1103 1422 1150 1447 ex
1180 1408 1295 1448 dictis
1328 1410 1549 1448 secundum

12 1489 51 1512 20
69 1474 238 1513 Greeam
269 1473 487 1520 veritatem,
518 1487 611 1512 nam
645 1472 850 1512 ‘matesis'
882 1472 1014 1512 media
1043 1482 1205 1525 core-pta
1230 1481 1268 1513 et
1298 1475 1384 1513 sine
1411 1474 1552 1524 aspira-

68 1539 182 1580 cione
221 1546 282 1579 est
319 1538 518 1578 divinacio
558 1538 639 1578 sive
678 1552 738 1577 ars
777 1540 985 1578 divinandi
1030 1553 1109 1590 qua
1154 1541 1297 1579 Manto
1342 1541 1552 1579 divinatrix

68 1605 283 1653 adinvenit,
312 1612 354 1644 ut
383 1618 452 1655 per
472 1604 682 1655 Virgilium
707 1604 866 1644 decimo
893 1604 995 1644 libro
1015 1606 1190 1654 Eneydz's
1213 1613 1251 1645 et
1278 1619 1348 1658 per
1371 1606 1550 1645 Servium

68 1677 381 1711 comentatorem
418 1671 502 1720 ejus
536 1678 656 1721 patet.
721 1672 789 1710 Set
828 1670 1042 1709 ‘mathesis
1057 1671 1075 1719 ⁷,
1114 1672 1247 1710 media
1280 1673 1475 1722 producta
1514 1680 1552 1711 et

69 1737 238 1788 aspirata
264 1737 305 1775 in
333 1737 510 1776 secunda
536 1735 687 1784 sillaba,
716 1736 816 1775 sicut
845 1743 953 1787 patet
980 1750 1027 1775 ex
1057 1736 1194 1776 Grecis
1222 1737 1330 1776 libris
1358 1745 1397 1777 et
1424 1738 1553 1777 Greca

2 1819 50 1852 125
68 1801 291 1853 gramatica,
313 1809 372 1841 est
393 1801 614 1852 disciplina.

127 1867 374 1907 Matematici
405 1867 521 1918 igitur
551 1866 619 1923 qui
650 1875 741 1905 sunt
772 1867 913 1906 falsarii
944 1867 1079 1906 onmia
1109 1867 1293 1907 dixerunt
1320 1868 1478 1907 evenire
1503 1869 1554 1908 de

72 1933 306 1973 necessitate
345 1941 383 1972 et
422 1946 491 1984 per
530 1934 666 1979 fatum,
704 1941 742 1971 et
781 1946 863 1970 non
898 1934 1028 1971 solum
1063 1932 1103 1971 in
1138 1933 1385 1973 naturalibus
1420 1942 1478 1975 set
1514 1934 1553 1973 in

70 1998 310 2039 voluntariis.
372 2000 495 2038 Unde
515 2005 735 2048 posuerunt
757 1999 867 2048 quod
888 1997 1018 2037 infans
1039 2006 1155 2038 natus
1175 2000 1214 2037 in
1242 2000 1555 2040 constellacione

71 2066 138 2104 tali
159 2065 220 2103 vel
241 2064 308 2103 tali
330 2063 402 2103 erit
424 2064 474 2103 de
496 2063 732 2102 necessitate
752 2063 840 2102 talis
861 2064 923 2102 vel
944 2063 1042 2110 talis,
1066 2071 1105 2103 et
1132 2072 1367 2114 presumunt
1387 2079 1457 2116 per
1477 2067 1554 2104 hoc

13 2148 55 2182 30
69 2130 245 2181 judicare
272 2130 323 2168 de
348 2129 550 2176 omnibus,
571 2128 709 2167 futuris
731 2136 769 2167 et
798 2128 1060 2179 presentibus,
1084 2128 1250 2168 occultis
1282 2137 1320 2168 et
1347 2130 1554 2181 preteritis,

69 2194 405 2235 certitudinaliter.

339 2312 566 2361 Capitulum
584 2313 787 2350 secandune
807 2313 852 2350 de
872 2313 971 2350 veris
991 2312 1279 2350 mathematicis.

190 2389 240 2426 Et
260 2389 340 2426 veri
361 2387 633 2427 mathematici
662 2389 737 2428 hec
766 2388 839 2427 tria
868 2402 951 2427 non
977 2388 983 2440 l
1009 2396 1254 2439 presumunt,
1277 2388 1372 2439 quia
1401 2401 1475 2428 nec
1505 2390 1556 2428 de
1577 2400 1593 2424 ²
1611 2392 1643 2424 b·

85 2392 425 2533 Snecessitate
452 2453 634 2504 judicant
663 2454 815 2505 aliquid
845 2455 928 2493 fore
958 2456 1019 2493 vel
1049 2467 1135 2494 esse
1162 2455 1224 2493 vel
1254 2454 1372 2493 fuisse
1402 2454 1444 2492 in
1473 2454 1556 2494 istis

1 2515 57 2559 ¹1³5
189 2517 440 2558 inferioribus
469 2519 795 2570 contingentibus
825 2527 864 2559 et
896 2521 1137 2568 voluntariis,
1174 2533 1249 2559 nec
1282 2521 1335 2560 de
1369 2519 1557 2560 omnibus

74 2583 224 2634 judicia
250 2597 321 2622 sua
347 2591 514 2635 ponunt,
537 2592 596 2624 set
616 2586 667 2625 de
687 2585 897 2636 aliquibus,
921 2599 996 2625 nee
1019 2585 1203 2625 absolute
1230 2585 1558 2626 certitudinaliter

120 2703 148 2732 4⁴
163 2693 427 2735 Cassiodorus]
454 2693 569 2734 Migne
587 2704 638 2734 71.
660 2705 755 2734 1204.
947 2705 987 2735 13
1010 2695 1178 2738 Boitius]
1205 2695 1288 2729 Inst.
1305 2696 1418 2729 Arith.
1437 2697 1458 2729 i.
1477 2708 1504 2730 1.

63 2753 118 2784 ‘17
143 2744 333 2777 Eberhardi
348 2745 568 2777 Graecismus
587 2746 663 2787 (Ed.
680 2746 851 2788 Wrobel>,
867 2757 900 2780 x.
917 2757 991 2780 211.
1096 2757 1138 2778 22
1163 2747 1304 2791 Vix-gil]
1330 2749 1414 2780 Aen.
1435 2759 1468 2781 x.
1486 2759 1557 2790 199.

783 2812 852 2845 132
