1908 3126
816 130 843 174 5

91 230 207 282 gratis
224 231 314 270 velit
332 244 377 270 ea
393 233 444 270 ad
465 244 543 281 que
564 244 632 281 per
652 231 971 282 complexionem
988 234 1163 284 corporis
1184 234 1406 273 inclinatur.
1463 234 1572 274 Sicut

92 298 213 336 homo
243 310 312 347 per
341 296 492 336 amicos
522 303 561 335 et
591 297 720 336 socios
751 306 789 336 et
820 310 880 336 res
905 299 1163 338 delectabiles
1190 308 1229 339 et
1253 299 1464 339 tristabiles
1489 313 1571 350 pre-

91 370 221 401 sentes
251 363 375 400 multa
405 361 511 409 facit,
541 361 733 400 excitatus
764 376 832 412 per
867 364 952 411 hec,
985 377 1063 414 que
1086 364 1182 403 alias
1212 377 1295 404 non
1327 365 1483 412 faceret,
1515 365 1570 404 sic

89 426 346 466 constellacio
385 440 547 477 presens
585 428 723 466 alterat
769 429 1089 479 complexionem
1130 431 1316 481 corporis,
1357 431 1409 469 ad
1448 443 1567 481 quam

51 501 69 534 5
88 491 368 532 alteracionem
387 491 563 543 sequitur
579 492 771 532 excitacio
792 493 947 541 mentis,
967 495 1058 534 licet
1078 508 1159 534 non
1177 503 1340 546 cogatur
1359 495 1398 534 in
1420 495 1566 547 aliquo.

90 559 141 596 Et
164 570 283 596 causa
313 558 430 607 hujus
456 565 515 597 est
540 557 633 608 quia
662 571 786 597 unum
812 571 880 609 per
908 567 1089 598 naturam
1117 569 1155 600 et
1183 560 1404 600 essenciam
1427 569 1465 600 et
1489 574 1569 600 una

88 635 256 673 persona
273 623 314 661 fit
336 636 381 662 ex
398 636 563 674 corpore
581 631 618 662 et
639 623 783 670 anima,
801 631 839 662 et
860 623 951 663 ideo
968 624 1102 664 anima
1118 626 1370 677 passionibus
1392 627 1568 678 corporis

87 686 198 726 facile
219 687 419 736 excitatur,
442 696 481 727 et
502 701 523 727 e
543 701 748 728 converso.

142 754 261 801 Nam,
273 760 444 792 testante
459 754 664 793 Avicenna
679 756 726 793 .8.
737 755 782 792 de
794 755 1047 793 Animalibus
1061 763 1099 794 et
1112 756 1216 804 alibi,
1228 758 1335 795 calor
1348 757 1387 795 in
1402 770 1567 808 corpore

29 828 69 852 10
85 826 123 858 et
144 817 262 869 frigus
284 827 322 857 et
342 818 418 857 alie
438 818 644 869 passiones
665 820 769 858 varie
791 820 890 858 fiunt
916 820 1061 871 pluries
1087 834 1133 859 ex
1155 822 1238 860 sola
1258 821 1507 872 cogitacione
1528 831 1567 862 et

84 883 293 923 affectione
312 885 456 932 anime,
475 884 576 923 sicut
598 884 765 935 quilibet
786 886 826 923 in
847 898 889 924 se
911 893 948 924 et
970 884 1010 923 in
1030 885 1116 924 aliis
1136 886 1345 936 experitur.
1405 889 1472 926 Set
1492 888 1567 926 hec

84 948 274 988 excitacio
303 950 437 988 anime
467 962 536 1000 per
566 949 889 1000 complexionem
921 950 1130 990 excitatam
1162 965 1209 990 ex
1241 953 1363 991 stellis
1396 953 1567 992 maxime

83 1014 373 1054 consideranda
394 1023 497 1055 esset
518 1029 542 1054 a
557 1015 715 1066 regibus
734 1023 771 1054 et
787 1015 873 1054 aliis
891 1015 959 1066 qui
976 1025 1140 1066 presunt
1157 1018 1311 1056 mundo
1327 1024 1366 1057 et
1386 1018 1565 1057 ecclesie.

83 1081 186 1119 Nam
213 1079 244 1118 si
269 1081 575 1120 mathematicus
596 1094 710 1120 verus
736 1080 833 1120 sciat
858 1088 1004 1121 etatem
1029 1081 1197 1132 alicujus
1221 1082 1333 1133 regis,
1357 1090 1396 1121 et
1416 1096 1564 1122 annum

27 1155 64 1189 15
82 1153 120 1184 et
145 1145 251 1184 diem
280 1147 476 1184 ethoram
506 1154 725 1197 conceptus
753 1154 792 1185 et
821 1146 1047 1194 nativitatis,
1075 1155 1207 1198 potest
1238 1147 1567 1188 certitudinaliter

79 1210 255 1261 judicare
282 1212 332 1250 de
357 1213 637 1262 complexione
658 1213 743 1262 ejus
764 1211 939 1260 radicali,
963 1220 1001 1251 et
1023 1226 1069 1252 ex
1091 1226 1138 1252 ea
1158 1214 1300 1253 elicere
1321 1213 1565 1265 aptitudines

81 1277 165 1326 ejus
196 1284 233 1315 et
265 1275 555 1327 disposiciones
589 1278 787 1317 naturales
821 1279 874 1317 ad
906 1278 1013 1317 bona
1044 1286 1081 1317 et
1114 1279 1228 1318 mala.
1290 1281 1393 1318 Nam
1424 1292 1565 1320 omnes

82 1342 263 1381 homines
283 1350 471 1381 secuntur
491 1342 790 1393 complexiones
811 1356 902 1381 suas
923 1342 1162 1391 naturaliter,
1186 1351 1228 1383 ut
1249 1345 1443 1393 videmus,
1464 1346 1565 1384 sicut

79 1409 302 1458 expositum
334 1415 404 1455 est,
438 1409 529 1447 licet
563 1421 646 1448 non
680 1416 843 1459 cogatur
876 1407 1047 1448 liberum
1080 1408 1297 1456 arbitrium,
1335 1417 1394 1449 set
1428 1417 1562 1450 tamen

24 1484 62 1508 20
79 1473 228 1512 fortiter
259 1480 297 1512 et
331 1474 587 1513 vehementer
624 1473 847 1513 inclinatur.
905 1475 993 1513 Rex
1030 1475 1147 1525 igitur
1185 1474 1352 1525 quilibet
1386 1475 1564 1526 sequitur

78 1539 306 1578 naturaliter
344 1539 664 1590 complexionem
704 1553 829 1579 suam.
891 1540 942 1578 Et
981 1538 1012 1578 si
1051 1548 1111 1579 est
1150 1541 1319 1579 multum
1356 1540 1561 1588 colericus‚

79 1602 334 1643 inclinabitur
357 1605 408 1643 ad
436 1604 663 1655 superbiam
691 1613 730 1644 et
758 1604 855 1644 iram
877 1612 917 1644 et
943 1604 1247 1656 inprudenciam
1278 1614 1317 1645 et
1344 1605 1563 1646 discordias

79 1676 117 1708 et
144 1670 292 1708 bellum
322 1677 361 1709 et
388 1669 643 1710 turbaciones
669 1670 851 1710 aliorum.
913 1672 965 1710 Et
988 1672 1082 1722 quia
1106 1672 1158 1710 ad
1179 1672 1426 1711 voluntatem
1449 1685 1561 1711 suam

78 1734 288 1774 flectuntur
317 1734 529 1774 consiliarii
559 1743 598 1775 et
627 1735 745 1775 amici
775 1737 872 1787 ejus,
907 1737 1089 1776 flectetur
1120 1744 1158 1776 et
1193 1750 1357 1788 regnum
1392 1738 1444 1777 ad
1477 1738 1561 1788 ejus

21 1811 59 1844 25
78 1801 335 1849 voluntatem,
353 1808 391 1840 et
406 1800 462 1840 sic
476 1800 651 1841 turbabit
665 1814 785 1852 regna
801 1801 945 1841 vicinia
961 1810 999 1842 et
1019 1801 1138 1841 etiam
1159 1815 1323 1853 regnum
1341 1804 1558 1853 proprium,

77 1877 245 1915 querens
266 1865 498 1905 occasiones
519 1874 657 1906 contra
678 1868 826 1907 multos
847 1867 923 1907 sibi
944 1868 1158 1918 subjectos.

132 1931 182 1969 Et
212 1930 244 1970 si
275 1931 323 1970 sit
353 1933 605 1983 sanguineus,
631 1934 703 1972 erit
735 1924 896 1972 humilis
924 1940 964 1972 et
993 1941 1225 1972 mansuetus
1250 1942 1287 1972 et
1317 1935 1494 1984 prudens
1521 1942 1560 1973 et

76 1995 276 2046 pacificus,
297 2010 437 2036 amans
465 1997 665 2048 justiciam
693 2006 732 2037 et
759 2011 900 2049 pacem
935 2006 974 2038 et
1004 1998 1238 2038 societatem
1267 2006 1306 2037 et
1338 1999 1560 2038 amiciciam

76 2068 115 2099 et
135 2061 422 2101 liberalitatem.
484 2065 535 2101 Et
563 2063 619 2102 sic
640 2077 710 2114 per
730 2063 826 2102 alias
848 2064 1148 2115 complexiones
1169 2063 1405 2102 excitabitur
1425 2077 1491 2104 rex
1510 2066 1562 2104 ad

18 2136 59 2169 30
75 2125 160 2165 alia.
221 2129 272 2166 Et
301 2127 479 2167 similiter
508 2141 650 2168 omnes
680 2129 748 2180 qui
779 2137 953 2179 presunt,
982 2129 1063 2168 sive
1093 2129 1133 2167 in
1165 2128 1379 2168 mundanis
1409 2129 1491 2169 sive
1520 2129 1560 2168 in

75 2191 361 2241 ecclesiasticis,
393 2201 585 2244 sequntur
616 2208 706 2233 suas
738 2194 1038 2245 complexiones
1069 2194 1150 2233 sive
1179 2196 1231 2233 ad
1262 2194 1369 2233 bona
1397 2194 1479 2234 sive
1508 2197 1559 2235 ad

76 2258 188 2306 mala,
223 2257 299 2297 nisi
336 2261 446 2298 Deus
481 2259 691 2300 mutaverit
718 2262 722 2311 Ι
750 2259 931 2299 ordinem
968 2267 1108 2299 nature
1143 2268 1181 2299 et
1220 2261 1447 2299 voluntatis.
1518 2262 1646 2304 Si3b.

75 2329 207 2363 tamen
246 2324 439 2364 haberent
470 2326 577 2364 bona
616 2325 783 2365 consilia
822 2339 891 2376 per
930 2327 1129 2376 sapientes
1170 2325 1348 2365 medicos
1388 2325 1558 2365 scientes

73 2389 367 2437 astronomiam,
387 2399 550 2441 possent
570 2404 707 2431 eorum
729 2393 1028 2442 complexiones
1045 2393 1148 2430 male
1168 2391 1325 2431 alterari
1340 2390 1380 2429 in
1402 2393 1555 2438 melius,

15 2465 56 2497 35
74 2461 112 2492 et
146 2452 201 2493 sic
235 2454 517 2495 inclinarentur
548 2458 599 2495 ad
631 2458 908 2505 clemenciam,
941 2470 1082 2508 pacem
1117 2464 1156 2495 et
1188 2456 1399 2506 justiciam,
1433 2464 1472 2495 et
1505 2459 1556 2496 ad

73 2519 328 2559 concordiam
351 2528 389 2560 et
408 2522 459 2561 ad
479 2521 702 2561 amiciciam
724 2530 762 2562 et
782 2524 834 2562 ad
855 2535 974 2562 omne
996 2523 1160 2561 bonum.
