1908 3126
782 92 862 136 175

78 203 275 258 Quilibet
300 202 483 244 istorum
507 201 669 255 ligatus
692 201 734 242 in
755 202 898 252 anulo,
921 208 964 244 et
987 217 1223 257 suspensus
1244 204 1368 254 collo,
1386 204 1549 244 intran-
1571 216 1799 255 prgservgssrom

77 274 133 313 tis
161 273 383 313 civitatem
415 272 457 312 in
488 285 576 324 qua
605 278 670 312 est
694 270 926 313 infirmitas
949 276 959 294 ‘
978 279 1130 313 tamon
1143 271 1169 326 3,
1191 273 1347 314 liberat
1369 287 1469 314 eum
1492 273 1548 313 ab
1570 251 1739 294 8¹3¹dem¹⁹⁵⁷

76 341 329 383 infirmitate
348 328 436 383 illa.
500 341 742 394 Margarita
775 341 909 382 rubea
941 342 983 381 in
1015 342 1144 383 anulo
1175 343 1310 396 ligata
1331 344 1549 396 portantis

76 425 151 452 cor
192 410 412 461 fortificat,
454 416 496 451 et
538 423 637 450 eum
681 411 825 451 reddit
878 411 1182 452 honorabilem
1221 413 1262 452 in
1307 419 1548 465 conspectu

39 481 319 534 5hominum.
395 480 454 521 Et
495 481 570 533 qui
610 480 839 532 sculpserit
882 480 924 520 in
968 495 1021 522 eo
1065 480 1251 522 formam
1294 481 1453 522 leonis:
1506 489 1549 523 et
1569 486 1761 554 ἓὲἓὲἓξὲνὲᾚ

75 550 249 591 fortuna
283 550 422 591 leonis
459 556 502 590 et
540 549 654 598 solis,
685 556 728 589 ct
755 550 890 590 solem
927 550 969 590 in
999 550 1107 603 ipso,
1141 557 1183 592 et
1217 552 1419 593 scientias
1454 551 1495 605 (i.
1513 565 1549 592 e.
1570 555 1652 582 onir.

77 620 226 678 radiis)
249 619 516 673 elongaverit
549 620 604 660 ab
638 633 702 671 e0‚
724 620 1014 660 honorabitur
1047 621 1249 669 multum,
1276 628 1319 662 et
1354 622 1552 674 pervenit

76 691 132 730 ad
165 703 232 730 res
265 702 366 730 suas
399 689 499 740 cito,
521 695 563 730 et
597 689 685 730 cito
718 689 884 742 perficit
919 690 1194 731 voluntatem
1226 705 1364 739 suam,
1391 698 1434 732 et
1464 705 1549 732 non

75 752 195 800 videt
219 759 260 799 in
282 759 398 800 lecto
420 760 591 800 somnia
614 759 837 799 timorosa.

20 847 60 870 10
134 829 249 883 (132.
267 828 337 882 G.)
385 829 577 869 Zamrad
601 835 667 869 est
690 829 800 882 lapis
823 828 947 882 cujus
974 830 1220 883 proprietas
1244 837 1312 871 est
1335 831 1551 871 honorare
1571 827 1637 864 The¹
1648 837 1753 864 virtues
1767 839 1793 864 01

1571 873 1618 898 the
1631 873 1765 898 emeram.

77 910 326 958 portantem
360 904 502 957 ipsum
536 905 578 944 in
611 903 754 944 anulo.
835 894 971 946 Sssdat
993 905 1192 945 dolorem
1215 906 1428 946 stomachi
1451 920 1550 946 cum

77 974 384 1026 suspenditur:
418 979 461 1013 et
493 987 518 1014 a
550 972 713 1014 fortiori
748 973 783 1014 si
822 980 977 1026 tangat
1015 974 1175 1026 ipsum.
1239 975 1298 1014 Et
1325 975 1452 1027 juvat
1494 977 1549 1016 ad

77 1042 243 1095 lepram
279 1044 456 1095 quando
494 1043 649 1083 teritur
684 1049 728 1083 et
763 1042 939 1083 bibitur.
1003 1043 1091 1096 Qui
1125 1043 1325 1097 ligaverit
1363 1058 1462 1085 eum
1508 1044 1550 1085 in

78 1112 209 1152 anulo
233 1119 275 1153 et
297 1112 575 1165 suspenderit
596 1116 831 1165 antequam
847 1112 995 1153 veniat
1013 1112 1137 1154 dolor
1157 1114 1321 1154 ventris
1344 1113 1552 1155 liberatur

20 1195 57 1228 15
76 1181 133 1222 ab
156 1196 219 1222 eo.

137 1250 253 1305 (134.
271 1251 341 1305 G.)
375 1250 601 1292 Alchahat
633 1257 711 1300 est,
731 1251 842 1305 lapis
876 1250 1018 1291 mollis
1041 1251 1214 1306 ethiops
1236 1253 1483 1307 splendens,
1507 1260 1551 1295 et
1571 1266 1632 1293 The
1646 1265 1751 1292 virtues
1764 1266 1796 1292 os

77 1323 172 1375 ejus
194 1328 338 1363 tactus
368 1329 433 1363 est
458 1321 666 1374 frigidus:
699 1327 742 1361 et
776 1328 955 1375 portans
983 1321 1125 1374 ipsum
1155 1336 1243 1362 non
1275 1323 1553 1376 superabitur
1571 1301 1619 1327 the
1632 1302 1769 1333 agatem

77 1392 134 1431 ab
158 1391 257 1445 igne
279 1404 421 1444 neque
444 1391 735 1432 comburetur.
803 1391 861 1430 Et
880 1391 1062 1444 prodest
1086 1405 1143 1431 ex
1162 1392 1281 1432 omni
1305 1393 1553 1444 egritudine

78 1461 220 1502 calida
234 1466 624 1513 augumentantem
644 1477 651 1499 :
681 1460 899 1513 accipiens
913 1460 1026 1500 enirn
1046 1460 1188 1512 ipsum
1208 1462 1367 1514 reperit
1385 1461 1552 1516 frigidi-

20 1544 60 1566 20
77 1537 216 1572 tatem
250 1530 450 1580 multam,
482 1537 526 1571 et
552 1530 818 1583 prospicitur
850 1530 906 1570 ab
940 1544 992 1570 eo
1029 1530 1090 1570 sic
1123 1531 1244 1583 quod
1281 1545 1368 1572 non
1407 1539 1552 1586 potest

78 1606 271 1641 avertere
293 1599 465 1640 oculum
497 1600 554 1640 ab
585 1613 650 1640 eo.
715 1598 863 1652 Siquis
896 1599 1029 1652 igitur
1061 1600 1301 1653 portaverit
1335 1602 1476 1654 ipsum
1509 1602 1552 1643 in

77 1669 177 1710 loco
200 1668 391 1709 evidenti
415 1668 684 1709 exaltabitur
706 1668 748 1708 in
773 1668 911 1709 oculis
939 1668 1180 1718 hominum,
1202 1675 1244 1709 et
1269 1670 1552 1713 honorabunt

78 1741 234 1793 ipsum.
298 1737 358 1779 Et
380 1751 465 1778 non
488 1744 635 1791 potest
656 1737 793 1779 homo
811 1737 989 1791 preliari·
1007 1746 1113 1779 cum
1131 1731 1319 1780 habente
1342 1740 1484 1793 ipsum
1508 1743 1551 1782 in

79 1822 235 1849 manu:
289 1808 365 1849 sed
409 1807 590 1848 miratur
631 1820 730 1847 cum
769 1797 926 1860 aspicit
972 1807 1128 1861 ipsum.
1210 1809 1396 1861 Propter
1432 1810 1550 1862 quod

21 1891 58 1922 25
78 1877 331 1932 operaberis
352 1877 395 1917 in
419 1890 471 1917 eo
493 1877 604 1917 sicut
625 1876 729 1917 facis
755 1876 798 1916 in
821 1882 988 1917 secreto
1010 1877 1128 1929 quod
1153 1876 1374 1919 notificavi
1397 1879 1490 1920 tibi.

136 1947 251 2002 (133.
272 1945 341 1998 G.)
376 1945 622 1986 Amatistes
655 1952 721 1986 est
753 1949 763 1966 ‘
780 1946 919 1998 piram
938 1945 946 1961 '
980 1946 1023 1985 in
1054 1946 1261 1995 Arabico,
1285 1953 1328 1988 et
1351 1955 1417 1988 est
1440 1949 1550 2003 lapis
1570 1960 1633 1986 The
1651 1959 1802 1999 virtuqsor

78 2030 167 2070 quo
190 2016 336 2070 magni
366 2029 489 2070 reges
521 2015 794 2056 honorantur
826 2021 869 2055 et
900 2015 1194 2074 thesaurizant
1219 2013 1363 2069 ipsum
1392 2019 1434 2058 in
1458 2019 1551 2059 the-
1570 1995 1786 2030 themrquom'

79 2086 217 2126 sauris
239 2086 340 2125 suis.
415 2084 475 2125 Et
492 2084 735 2138 proprietas
753 2083 847 2137 ejus
870 2097 1031 2137 magna
1054 2091 1131 2137 est,
1151 2091 1194 2125 et
1217 2098 1305 2126 non
1330 2093 1396 2127 est
1417 2087 1552 2129 homo
1572 2103 1609 2130 its
1623 2114 1728 2131 wearer

79 2161 234 2209 potens
271 2154 469 2195 occidere
502 2153 793 2206 accipientem
831 2152 989 2206 ipsum,
1023 2159 1066 2194 et
1109 2167 1167 2194 ex
1209 2168 1322 2194 nunc
1358 2170 1443 2197 non
1488 2163 1554 2198 est
1573 2140 1725 2204 ssffissf’tbe

21 2236 63 2268 30
79 2225 199 2265 visus
241 2224 283 2264 in
320 2237 453 2264 manu
489 2223 682 2264 hominis
719 2223 863 2264 occisi.
938 2223 998 2263 Et
1038 2236 1136 2263 cum
1180 2223 1476 2277 pulverizetur
1509 2234 1552 2268 et
1573 2239 1751 2279 itpresei2xres

81 2300 258 2346 potetur
292 2307 349 2333 ex
385 2307 451 2343 eo,
486 2292 644 2333 liberat
672 2305 698 2332 a
736 2306 881 2332 morsu
918 2294 1198 2345 scorpionum
1221 2301 1266 2335 et
1297 2295 1552 2337 animalium
1573 2274 1766 2308 smmpmsw'

81 2363 348 2404 minutorum
371 2369 585 2415 punctura
605 2368 649 2402 et
671 2368 925 2414 serpentum
948 2361 1256 2405 occidentium.

139 2430 256 2486 (135.
273 2431 341 2484 G.)
375 2430 416 2472 O
441 2431 700 2471 Alexander
722 2431 804 2471 hoc
827 2430 985 2471 sufficit
1007 2431 1086 2470 tibi
1110 2445 1167 2470 ex
1195 2431 1427 2486 lapidibuS‚
1455 2440 1498 2475 et
1521 2435 1555 2476 si
1575 2446 1811 2514 fffhtiiiffcisszffg'rd

81 2500 299 2555 intelliges
335 2501 379 2541 in
412 2514 465 2541 eo
502 2507 546 2541 et
583 2500 792 2555 aspicies:
827 2500 949 2540 Deus
986 2513 1066 2552 per
1102 2501 1421 2544 misericordias
1456 2518 1556 2545 suas
1575 2520 1730 2543 onstones.

24 2582 64 2616 35
81 2569 211 2613 faciet
231 2577 275 2612 te
297 2570 543 2625 prosperari
566 2571 610 2610 in
633 2584 686 2612 eo
708 2570 828 2625 quod
851 2569 1017 2623 petiisti
1039 2583 1097 2610 ex
1122 2583 1205 2611 me.
