1908 3126
1032 47 1115 98 146

196 185 256 208 110
273 177 305 208 b.
326 164 460 214 mula,
491 164 728 221 confracita
758 164 867 206 tibia
899 170 944 206 et
975 163 1065 205 leso
1097 163 1221 205 collo.
1281 162 1406 204 Mula
1428 174 1543 203 'vero
1574 163 1722 203 stabat
1756 176 1814 202 ex

324 235 532 289 opposito
574 250 600 276 a
641 234 843 285 remotis,
878 247 964 287 que
1000 233 1157 274 videns
1191 232 1378 286 Magum
1424 232 1546 273 novit
1586 232 1815 273 dominum

325 318 452 346 suum
476 311 519 346 et
542 304 725 346 accessit
748 304 805 344 ad
828 304 974 357 ipsum
998 309 1182 358 propter
1199 303 1463 344 nutrituram
1487 315 1624 343 suam.
1678 301 1815 355 Equi-

325 382 426 417 tans
459 388 565 429 ergo
599 375 762 428 Magus
792 373 957 415 mulam
981 373 1122 428 ipsam
1145 379 1189 414 et
1219 371 1527 425 derelinquens
1547 370 1740 424 Judeum
1772 371 1814 411 in

325 445 523 499 periculo,
544 445 698 485 mortis
721 450 765 485 et
788 443 1028 493 doloribus,
1052 443 1298 484 recedebat.
1338 441 1508 495 Judeus
1530 441 1814 483 veroclama-
1836 453 1854 484 5

34 531 172 565 Thejew
186 532 274 558 ὤμω
324 514 403 556 bat
423 530 431 554 :
467 514 590 555 Bone
614 514 763 565 frater,
785 527 866 567 pro
889 514 989 555 Deo
1012 513 1129 554 habe
1153 512 1504 554 misericordiam
1528 512 1583 552 de
1607 524 1691 563 me,
1713 511 1816 564 quia

34 568 194 600 smmercy'
324 584 574 626 confractus
607 597 704 625 sum
739 590 784 624 et
818 583 991 633 morior,
1015 589 1059 624 et
1094 583 1274 637 indigeo
1306 581 1498 636 pietate3
1534 581 1740 623 miserere
1773 587 1816 622 et

325 655 511 695 observa
534 654 679 707 legem
704 660 843 706 tuam,
868 653 974 707 quia
996 653 1185 695 contulit
1207 652 1288 694 tibi
1306 652 1537 693 victoriam
1556 665 1642 705 qua
1664 664 1816 703 super-

20 725 96 769 ''rhe
112 743 253 781 magere.
324 725 407 766 asti
449 738 534 766 me.
599 723 724 765 Tunc
762 724 878 776 cepit
917 724 1064 777 ipsum
1104 722 1268 777 Magus
1301 721 1554 775 increpare:
1603 720 1671 761 Tu
1704 720 1816 762 male

34 778 139 811 pmved
155 778 223 804 hun'
324 794 515 849 peccasti
559 794 602 834 in
642 808 727 843 me,
761 793 1065 847 derelinquisti
1110 806 1181 833 me
1223 792 1317 833 sine
1360 791 1671 832 misericordia.
1735 790 1851 832 Cui1

33 879 263 940 TIhfigffgvossssid²
323 863 521 917 Judeus:
570 864 675 905 Noli
710 877 781 904 me
816 863 1138 917 reprehendere
1172 862 1228 903 de
1266 875 1310 902 re
1347 861 1570 915 preterita,
1601 861 1704 914 quia
1735 861 1816 905 tibi

216 924 233 947 Y

33 948 144 987 obqypd
158 957 206 994 spy
324 933 499 975 ostendi
522 933 643 987 quod
665 933 744 975 hec
768 940 835 974 est
855 932 929 974 lex
955 946 1053 973 mea
1073 938 1116 973 et
1140 923 1249 973 fides
1269 945 1366 972 mea
1383 931 1426 972 in
1445 931 1605 985 quibus
1623 931 1816 973 nutritus
1849 974 1859 982 ,

33 982 162 1016 rehgmn'
323 1017 435 1056 sum,
458 1010 501 1044 et
535 1003 682 1044 inveni
708 1010 914 1057 parentes
939 1016 1062 1044 meos
1086 1009 1128 1044 et
1161 1015 1286 1043 senes
1317 1001 1524 1055 antiquos
1547 1001 1590 1041 in
1613 998 1696 1043 hac
1719 1001 1816 1054 lege

287 1110 294 1118 ,
323 1080 666 1127 perseverantes.

34 1166 96 1192 The
110 1165 199 1199 Mage
213 1166 269 1193 had
383 1143 509 1184 Tunc
541 1144 744 1184 misertus
776 1150 843 1184 est
875 1143 912 1197 ej
923 1157 970 1184 us
1005 1142 1180 1197 Magus,
1203 1149 1248 1184 et
1279 1141 1475 1196 portavit
1507 1155 1606 1182 eum
1639 1148 1740 1194 post
1771 1155 1817 1182 se
1841 1164 1854 1188 1

34 1209 130 1233 mercy
143 1209 179 1226 on
191 1200 249 1227 him

324 1213 465 1254 donec
493 1213 740 1267 perveniret
773 1213 828 1254 ad
864 1213 1008 1253 locum
1043 1213 1307 1254 destitutum
1324 1209 1350 1261 ¹,
1379 1217 1423 1252 et
1457 1212 1602 1266 ipsum
1633 1211 1816 1252 tradidit

182 1322 197 1332 ,
325 1283 446 1336 genti
480 1297 571 1334 sue,
593 1283 666 1336 qui
700 1288 802 1335 post
834 1283 929 1324 dies
961 1282 1132 1337 aliquos
1160 1282 1416 1335 exspiravit.
1478 1281 1681 1322 Audiens
1709 1295 1816 1335 ergo

33 1352 299 1420 {gssr‘ggtssssgssgffi}
324 1366 403 1394 rex
427 1352 544 1393 illius
570 1352 760 1393 civitatis
787 1365 920 1406 opera
951 1352 1063 1393 illius
1087 1352 1223 1407 Magi,
1246 1350 1349 1393 fecit
1379 1365 1479 1393 eum
1503 1351 1648 1393 vocari
1677 1352 1733 1393 ad
1756 1365 1816 1401 se,

196 1441 253 1463 111
275 1444 306 1464 a.
326 1429 369 1463 et
412 1422 640 1463 constituit
682 1436 783 1462 eum
826 1421 1022 1475 bajulum
1054 1418 1058 1477 Ι
1086 1435 1214 1463 suum
1258 1428 1439 1477 propter
1480 1434 1616 1474 opera
1659 1421 1731 1476 pia
1773 1429 1816 1464 et

325 1493 572 1534 bonitatem
598 1491 710 1547 legis
733 1506 821 1533 sue.
1842 1499 1908 1540 200²

386 1562 562 1604 Laudes
587 1562 700 1611 Deo,
727 1569 770 1603 et
794 1561 893 1603 finis
916 1562 1044 1616 hujus
1069 1570 1147 1604 est.

1875 1413 1890 1456 ιι·
1876 1337 1894 1409 *2¹¹1

34 1685 81 1737 F
389 1698 639 1753 Capitulum
666 1709 749 1752 .15.
772 1699 823 1740 de
845 1699 1044 1740 eleccione
1067 1699 1293 1741 hominnm
1318 1700 1609 1754 prudencimn
1641 1711 1684 1744 et
1701 1702 1817 1757 fide-

324 1769 435 1811 lium
477 1769 539 1809 ad
577 1768 804 1810 scribenda
837 1777 966 1823 gesta
1007 1777 1051 1811 ct
1085 1770 1203 1812 dicta
1240 1771 1369 1824 regis,
1402 1772 1495 1813 sive
1528 1771 1580 1812 de
1609 1773 1817 1827 scriptore

323 1847 586 1881 secretorum
608 1840 814 1893 elzgendo.

34 1958 98 1984 The
110 1957 208 1985 choice
221 1959 252 1984 os
445 1933 596 1974 Portet
610 1939 654 1973 te
669 1932 832 1987 eligere
847 1934 902 1974 ad
918 1933 1150 1975 scribenda
1165 1942 1335 1976 secreta
1349 1941 1427 1976 tua
1442 1949 1577 1990 opera
1589 1936 1704 1978 viros
1717 1950 1814 1990 pru·
1838 1955 1876 1988 25

34 1993 300 2065 ἶηῖῗέιῗιῗῖἓῗξζ
443 2003 598 2044 dentes
616 2003 691 2056 qui
710 2010 811 2044 sunt
827 2003 842 2025 ²
861 2003 1021 2045 sorcius
1039 2004 1214 2058 signum
1235 2011 1279 2046 et
1296 2004 1485 2046 validius
1501 2014 1813 2060 argumentum

34 2065 92 2087 wnt.

325 2072 382 2113 ad
406 2073 729 2114 ostendendum
762 2073 1056 2126 quantitatem
1085 2074 1149 2115 tui
1180 2074 1428 2116 intellectus
1450 2081 1494 2123 et
1519 2075 1813 2118 subtilitatem

326 2148 402 2184 tue
444 2142 752 2196 cogitacionis,
791 2143 1001 2197 quoniam
1044 2143 1311 2198 significacio
1359 2145 1451 2186 sive
1502 2145 1814 2201 interpretacio

325 2212 543 2253 sermonis
561 2220 626 2253 est
644 2212 827 2266 spiritus
850 2212 943 2266 ejus
970 2220 1014 2253 et
1040 2213 1263 2255 diceiones
1284 2221 1387 2256 sunt
1409 2227 1581 2269 corpus,
1598 2215 1814 2270 scriptura

325 2295 430 2323 vero
466 2281 681 2323 sermonis
719 2282 1047 2324 vestimentum.
1126 2282 1252 2325 Sicut
1289 2298 1396 2339 ergo
1429 2292 1604 2338 oportet
1638 2292 1683 2326 te
1719 2299 1814 2328 esse
1836 2304 1879 2335 30

326 2351 467 2392 virum
486 2350 758 2405 spiritualem
779 2351 918 2406 pulcri
938 2359 1143 2407 aspectus
1161 2360 1204 2394 et
1223 2361 1443 2402 ornatum,
1461 2355 1520 2396 ita
1543 2355 1670 2397 decet
1692 2357 1810 2409 quod

382 2477 388 2495 ¹
421 2476 677 2516 destinatum.
1172 2478 1185 2499 ²
1216 2481 1290 2526 vel,
1314 2479 1476 2518 habent.

368 2610 410 2631 22
436 2600 533 2631 Book
550 2600 590 2637 V,
609 2601 764 2640 Chapter
781 2610 833 2642 cv.
856 2598 894 2632 V.

367 2720 409 2749 25
436 2711 601 2752 Oportet]
622 2711 765 2751 Eportet
785 2711 856 2743 MS.
