1908 3126
794 90 848 133 93

76 193 382 234 abhominacio
399 193 615 233 stomachi
640 208 647 243 ;
681 193 970 244 distemperat
986 176 1360 246 c31nplexionem,
1377 203 1555 248 generat

74 262 268 316 corporis
283 262 641 316 grossitudinem,
661 270 703 303 et
726 261 845 315 quod
870 262 1060 303 deterius
1084 271 1160 313 est,
1184 263 1351 317 lepram
1377 265 1554 306 inducit.
1573 278 1628 303 and
1642 286 1712 304 even

74 338 117 373 et
141 338 244 373 tunc
267 338 333 373 est
357 332 413 372 de
435 345 594 385 genere
617 345 894 372 venenorum.
972 331 1226 373 Cavendum
1258 341 1325 374 est
1347 334 1478 387 igitur
1501 348 1555 375 ne
1575 311 1694 345 ¹ep¹⁰⁵y‘

73 401 220 442 vinum
247 401 360 442 ultra
381 402 562 442 modum
579 399 591 423 ¹
616 408 825 448 sumatur,
843 401 945 454 quia
961 403 1108 442 vinum
1129 403 1328 444 imitatur
1351 409 1553 444 naturam
1575 415 1763 476 Jl'llssssifike

1582 460 1604 475 ’λ
1702 470 1708 482 5

36 488 53 519 5
73 477 115 511 et
138 471 494 523 complexionem
519 471 769 511 reubarbari
803 484 888 524 que
917 479 983 512 est
1013 472 1103 512 vita
1129 473 1280 526 epatis,
1305 487 1390 527 que
1421 474 1555 515 habet

73 541 270 594 proprias
294 540 509 581 utilitates
528 554 613 593 que
629 541 910 581 continentur
930 542 971 581 in
996 541 1118 582 libris
1138 542 1488 593 medicinalibus,
1512 551 1554 585 et
1573 554 1734 614 sometimes
1747 557 1831 589 good,

1524 613 1532 621 0
1572 597 1648 615 SOlne
1664 598 1733 617 lmeS
1743 599 1760 616 Β.
1771 599 1842 617 mor-

72 610 382 651 nichilominus
416 609 732 650 reubarbarum
762 617 827 650 est
859 611 1124 664 quandoque
1147 625 1367 652 venenum
1402 620 1552 654 mortl-
1572 623 1735 656 talpoison·

72 679 223 726 serum,
261 679 464 720 videlicet
500 678 582 720 illis
616 680 691 732 qui
727 679 839 720 ultra
875 680 1056 720 modum
1095 688 1275 721 sumunt
1310 695 1365 722 cx
1405 696 1469 732 eo,
1507 689 1551 723 et

69 749 454 811 transgrediuntur
476 756 637 790 certam
664 762 910 790 mensuram
934 755 978 790 et
1001 751 1312 802 quantitatem.

11 833 53 860 ιο
127 818 293 859 Vinum
329 820 462 860 etiam
498 826 780 873 comparatur
823 826 976 860 nature
1011 827 1262 873 serpentum
1299 835 1356 862 ex
1391 823 1549 874 quibus
1568 834 1812 901 perrggstlsikethe

1653 879 1658 894 1
1708 879 1768 896 rom

69 888 318 930 antidotum
337 888 352 911 2
385 889 581 937 efficitur,
606 895 647 929 et
677 888 863 929 lesiones
894 890 1092 929 maxime
1124 903 1202 942 per
1233 904 1384 931 eorum
1417 892 1551 932 medi-
1570 902 1795 964 ii1h³⁰i¹A¹¹tcid⁰‘

1605 946 1630 963 m
1645 946 1669 964 lS
1684 947 1728 964 ma
1751 948 1775 965 e.

70 957 212 998 cinam
246 959 541 1012 expelluntur,
562 965 901 1012 verumptamen
930 959 1139 1000 omnibus
1163 966 1319 1000 notum
1344 967 1408 1000 est
1431 962 1550 1014 quod

70 1041 233 1069 venena
258 1027 482 1069 mortifera
505 1035 662 1082 gerunt
685 1028 727 1068 in
751 1042 797 1068 se
819 1035 863 1069 et
885 1034 1107 1081 generant.
1493 1021 1500 1031 ’

132 1130 379 1185 Capz'lulmn
403 1144 484 1181 .24.
517 1132 568 1173 de
598 1132 966 1172 commendacionc
996 1131 1142 1184 sirupz'
1170 1133 1326 1173 acetosz'
1354 1140 1396 1173 et
1417 1148 1551 1174 reme-

11 1210 50 1244 15
67 1200 190 1242 dium
212 1208 362 1242 conlra
383 1201 647 1243 ebrietatem.
1571 1232 1651 1258 ΜΦ
1665 1241 1750 1266 every

1570 1275 1702 1299 mornlllg
1715 1276 1792 1293 some

223 1287 492 1336 Alexander,
518 1301 742 1340 nunquam
767 1288 914 1328 tcdeat
936 1294 979 1328 te
1011 1301 1181 1328 sumere
1206 1302 1333 1329 mane
1355 1290 1550 1343 sirupum
1571 1301 1829 1334 syrupofvinegar.

204 1365 429 1399 acetosum
466 1357 619 1411 jejuno
661 1357 902 1404 stomacho,
934 1358 977 1397 et
1019 1370 1106 1397 non
1147 1357 1295 1410 jejuno
1324 1358 1328 1410 Ι
1357 1362 1552 1412 quando,
1572 1369 1659 1408 731).

67 1427 241 1477 scilicet,
289 1429 601 1469 convalescunt
636 1428 923 1468 humiditates
966 1434 1008 1467 et
1045 1427 1354 1469 habundanter
1388 1429 1550 1483 flegma

65 1490 329 1548 dominatur,
370 1499 471 1551 quia
513 1498 642 1539 valde
684 1498 931 1538 sanativum
976 1504 1053 1538 est.
1136 1497 1323 1551 Sapiens
1365 1498 1797 1571 Aristogssgffiffffissssaffi

7 1588 48 1612 20
67 1567 255 1608 multum
281 1568 539 1609 mirabiliter
561 1569 727 1609 bonum
757 1568 909 1608 vinum
943 1568 1275 1608 commendavit
1303 1569 1375 1609 ubi
1407 1570 1521 1610 dixit
1541 1584 1549 1610 :
1567 1574 1641 1605 §00d
1657 1574 1750 1601 bread-

67 1637 231 1678 Mirum
262 1645 328 1678 est
367 1639 422 1679 de
469 1638 649 1681 homine
682 1637 869 1691 qualiter
903 1643 1052 1691 potest
1085 1637 1293 1679 infirmari
1326 1639 1392 1678 vel
1428 1640 1549 1689 mori,

64 1707 189 1761 cujus
212 1709 334 1749 cibus
358 1714 423 1749 est
450 1709 577 1762 panis
602 1708 759 1761 optimi
788 1707 993 1748 frumenti
1017 1716 1059 1748 et
1086 1721 1236 1749 carnes
1265 1711 1547 1753 commenda-

65 1777 188 1829 biles,
223 1778 346 1832 cujus
385 1785 515 1831 potus
550 1786 614 1819 est
652 1779 801 1819 vinum
838 1779 952 1818 bone
982 1779 1094 1828 vitis,
1126 1786 1169 1818 et
1204 1792 1261 1818 ex
1295 1778 1378 1818 hiis
1412 1780 1549 1819 utitur

64 1854 321 1901 temperate,
345 1849 607 1889 abstinendo
630 1862 674 1888 se
696 1863 721 1888 a
745 1848 879 1888 nimia
903 1854 946 1887 et
980 1847 1096 1888 mala
1120 1849 1406 1897 comestione,
1425 1857 1546 1902 potu,
1566 1857 1634 1882 used
1650 1862 1769 1890 temper-

6 1935 44 1968 2⁵
64 1918 194 1968 coitu,
218 1924 262 1958 et
286 1917 446 1969 labore,
469 1918 697 1972 quomodo
720 1917 820 1958 huic
848 1917 1066 1957 accideret
1090 1918 1307 1970 egritudo.
1564 1890 1653 1923 aaa).

123 1987 315 2040 Oportet
337 1988 553 2042 siquidem
578 1987 699 2028 illum
734 1988 807 2040 qui
832 1987 1020 2028 libenter
1047 1986 1286 2027 inebriatur
1310 1988 1411 2028 vino
1433 1988 1546 2029 ultra
1565 2000 1761 2029 Thecurefor

1564 2035 1759 2063 drunkenness
1771 2048 1776 2063 t

64 2057 245 2098 modum
284 2064 464 2112 sumpto
502 2065 548 2099 ut
585 2057 736 2098 abluat
771 2072 817 2098 se
848 2070 948 2097 cum
985 2070 1100 2110 aqua
1134 2056 1288 2107 calida,
1320 2064 1362 2097 et
1395 2058 1546 2099 sedeat
1565 2069 1711 2096 washhim
1726 2071 1793 2097 with

1564 2111 1649 2129 warm
1663 2110 1759 2136 water,
1773 2111 1834 2132 seat

62 2140 192 2181 super
224 2127 387 2168 fluenta
424 2142 637 2182 aquarum
671 2128 942 2168 currencium
977 2132 1020 2167 et
1052 2126 1215 2166 habeat
1236 2126 1392 2167 salices
1411 2134 1546 2180 atque
1562 2136 1623 2197 {¹1³2ss
1635 2139 1798 2199 ogngssitvff

1626 2191 1632 2203 ,
1783 2183 1820 2199 lnl

63 2197 251 2247 mirtam‚
281 2198 383 2251 quia
421 2197 586 2240 confert
629 2198 832 2248 multum,
871 2204 912 2237 et
949 2210 1113 2249 ungere
1147 2197 1280 2237 debet
1318 2197 1461 2250 capud
1500 2204 1543 2238 et
1561 2205 1826 2234 andincensehim.

3 2349 44 2382 30
115 2337 127 2357 ¹
157 2336 198 2375 id
219 2344 288 2384 est,
312 2350 552 2375 mensuram.

116 2391 128 2411 ²
157 2390 197 2430 id
218 2399 286 2438 est,
310 2391 511 2430 medicina
530 2398 668 2430 contra
689 2403 887 2428 venenum
909 2389 1010 2428 sicut
1031 2389 1187 2440 tyriaca.

115 2446 128 2466 ³
157 2445 222 2484 hic
242 2445 349 2484 stulti
371 2446 548 2484 scribunt
571 2445 792 2484 Aristotiles
813 2458 885 2495 pro
915 2443 1048 2483 Aristo
1078 2443 1146 2495 qui
1175 2443 1247 2482 fuit
1278 2444 1539 2494 philosophus
1558 2457 1752 2496 Aristoisnot

61 2501 224 2550 quidam
255 2499 354 2539 alius
383 2500 434 2539 ab
456 2500 669 2547 Aristoffle,
694 2508 732 2539 et
763 2499 854 2538 ideo
875 2499 1014 2538 dicunt
1035 2500 1145 2549 quod
1173 2497 1237 2537 hic
1258 2498 1357 2538 liber
1378 2512 1459 2537 non
1481 2507 1540 2538 est
1558 2493 1702 2520 A¹‘¹5‘⁰¹¹‘³·

61 2554 286 2594 Aristotilis.
345 2557 527 2594 Preterea
557 2555 679 2594 debet
713 2555 811 2593 scire
841 2555 951 2604 quod
990 2561 1067 2592 tres
1106 2554 1264 2592 suerunt
1304 2553 1538 2602 Aristotiles‚

0 2617 39 2651 35
59 2608 160 2648 sicut
181 2617 288 2659 patet
309 2623 355 2648 ex
377 2609 507 2649 Plinio
527 2618 565 2649 et
586 2609 791 2650 Censorio.

63 2739 65 2741 ’
106 2737 144 2770 1‘4
168 2732 321 2772 Chapter
334 2731 378 2763 lx.
404 2731 439 2762 V.
