1908 3126
1048 97 1102 139 68

38 227 143 266 agood
157 227 215 253 and
228 226 308 253 osan
328 214 506 256 claritas
529 197 957 261 intellectussbonus
988 212 1227 266 appetitus.
1293 211 1432 266 Signa
1454 225 1558 253 vero
1589 211 1693 254 mali
1725 219 1818 254 sto-

37 260 244 288 ewlsmmaCh'
330 285 475 326 machi
512 291 557 325 et
590 283 748 325 debilis
784 283 1048 337 digestionis
1091 288 1192 323 sunt
1230 282 1335 324 hec:
1380 282 1574 336 gravitas
1610 282 1819 336 corporis,

327 354 554 404 mollicies,
567 353 782 408 pigricies,
797 349 1095 394 inflammacio
1113 351 1252 402 faciei,
1269 353 1355 394 oris
1373 351 1577 406 frequens
1598 352 1774 407 apercio
1789 351 1820 403 1,

325 426 520 481 gravitas
538 425 782 474 oculorum,
798 424 940 478 turpis
955 430 998 464 et
1017 422 1132 464 mala
1145 422 1819 477 eructuacio·(quando„scilicet,

327 499 496 535 eructat
515 506 614 535 acre
631 491 700 533 vel
724 492 934 534 acerbum
952 491 1022 532 vel
1040 504 1240 532 amarum
1255 490 1324 531 vel
1343 504 1561 545 aquosum
1580 491 1818 544 insipidum
1839 509 1858 542 5

36 565 231 592 Theillsthat
327 568 402 602 aut
427 559 650 613 fetidum),
675 565 718 600 et
746 566 931 613 propter
962 558 1045 600 hoc
1075 559 1652 614 generantur-ventositates
1681 565 1725 599 et
1754 559 1818 599 in-

36 601 250 662 {gffsstssfflff
328 631 661 672 flammaciones
690 629 866 680 ventris,
889 634 933 670 et
963 629 1224 670 diminuitur
1251 629 1488 682 appetitus
1552 628 1598 670 Si
1621 642 1724 669 vero
1753 642 1820 669 res

219 705 261 749 56
279 718 308 738 a.
327 708 394 742 est
416 702 459 742 in
483 700 640 755 majori
663 700 923 755 quantitate,
938 699 1205 754 proveniunt
1224 714 1281 740 ex
1300 699 1384 740 hoc
1401 699 1680 740 extensiones
1707 702 1712 749 ξ
1741 713 1819 740 ex-

326 772 616 822 tremitatum,
639 771 962 822 excreaciones,
981 770 1245 811 reflexiones
1269 770 1583 819 membrorum,
1606 775 1820 812 tremores

326 842 536 896 corporis,
560 842 816 895 aperciones
841 841 943 892 oris,
968 847 1011 882 et
1035 841 1228 895 quedam
1255 840 1341 881 alia
1371 841 1488 881 mala
1518 854 1604 894 que
1636 841 1817 882 omnino
1843 856 1884 880 ιο

327 919 428 954 sunt
480 913 701 954 contraria'
751 912 946 960 sanitati,
990 911 1259 952 destructiva
1312 911 1525 966 corporis,
1569 911 1817 965 corruptiva
1846 965 1854 972 ν

327 989 495 1025 nature.
565 982 715 1023 Debes
760 982 892 1035 igitur
935 982 1144 1037 teipsum,
1189 981 1542 1029 clementissime,
1586 980 1818 1036 diligenter

326 1067 587 1096 conservare
611 1054 667 1094 ab
692 1052 1104 1094 inconvenientibus
1126 1052 1402 1106 supradictis.

37 1167 77 1218 k
390 1173 641 1228 Capitulum
665 1186 717 1224 .4.
741 1173 792 1215 de
816 1173 904 1215 lzz'z's
936 1188 1014 1227 qne
1032 1173 1264 1227 pertinent
1293 1173 1356 1214 ad
1385 1174 1578 1227 regimen
1607 1173 1820 1215 sanitatis

318 1251 419 1297 post
438 1252 666 1298 sompnum
684 1251 941 1286 nocturnum
965 1250 1067 1285 ante
1080 1243 1234 1285 lteram
1247 1243 1580 1298 preparacionis
1601 1243 1664 1286 ad
1678 1244 1818 1286 cibum
1843 1261 1881 1295 15

327 1314 598 1356 szmzendnm.

37 1437 264 1465 Thesecretsof
441 1408 530 1449 Um
555 1407 638 1449 hoc
670 1421 828 1461 corpus
862 1406 1148 1462 corruptibile
1169 1407 1238 1457 sit,
1258 1407 1384 1461 eique
1405 1406 1566 1448 accidit
1589 1407 1818 1461 corrupcio

35 1471 264 1539 ffi‘ssigssssedffin,
439 1492 497 1519 ex
535 1478 824 1533 opposicione
858 1477 1224 1532 complexionum
1260 1484 1304 1519 et
1340 1478 1576 1518 humorum
1607 1478 1683 1531 qui
1715 1484 1817 1519 sunt

328 1549 372 1590 in
396 1563 461 1599 eo,
484 1549 623 1590 visum
648 1555 712 1590 est
736 1549 842 1590 mihi
868 1549 909 1589 in
934 1549 1125 1603 presenti
1149 1562 1283 1602 opere
1305 1548 1386 1589 tibi
1409 1548 1599 1589 scribere
1625 1549 1816 1602 quedam

328 1619 453 1662 utilia
470 1626 513 1661 et
531 1619 714 1660 omnino
738 1619 984 1660 necessaria
1007 1633 1064 1660 ex
1088 1619 1269 1660 secretis
1292 1619 1398 1660 artis
1417 1618 1645 1670 medicine,
1660 1619 1817 1673 quibus
1841 1636 1884 1659 20

36 1709 293 1742 sornophysxcian
329 1685 564 1731 contentus
600 1688 730 1730 fueris
746 1688 775 1737 2,
815 1695 858 1730 et
897 1689 1105 1737 maxime,
1131 1703 1231 1730 cum
1271 1690 1326 1730 sit
1365 1689 1602 1731 honesturn
1641 1697 1689 1731 ut
1727 1703 1814 1732 non

36 1743 288 1817 iii‘e'fiiiinie‘s'ss‘svcifn
329 1766 575 1814 appareant
600 1759 774 1800 medico
797 1766 952 1801 cuncte
977 1759 1257 1801 infirmitates
1288 1760 1410 1813 regis.
1476 1759 1522 1801 Si
1545 1766 1694 1801 autem
1718 1761 1817 1801 dili-

37 1813 145 1846 ²k¹¹¹g'
328 1836 481 1883 genter
512 1829 597 1871 hoc
630 1829 859 1883 exemplar
890 1831 1137 1884 inspexeris
1170 1837 1213 1871 et
1242 1829 1374 1883 juxta
1406 1830 1523 1871 hunc
1557 1831 1738 1872 modum
1773 1838 1817 1873 et

40 1922 145 1955 Bythe
159 1922 255 1949 useos
327 1900 525 1942 ordinem
564 1900 814 1954 preciosum
853 1901 1017 1941 vixeris
1056 1906 1100 1941 et
1138 1907 1424 1942 conversatus
1458 1900 1603 1950 fueris,
1641 1901 1814 1949 medico

35 1956 92 1983 this
106 1957 181 1984 book
195 1966 252 1990 you
456 1971 464 1978 -
535 1971 544 1978 ·
641 1970 649 1977 ·
882 1971 890 1978 .
1032 1971 1040 1979 .
1157 1971 1164 1978 .
1399 1971 1409 1979 .
1631 1971 1639 1978 .
1707 1971 1716 1979 .

36 1999 90 2018 can
104 2000 170 2018 cure
184 1992 313 2024 yourself
328 1983 415 2011 non
454 1969 673 2024 mdlgebls
710 1979 915 2024 exceptis
949 1971 1251 2013 accidentlbus
1290 1970 1432 2025 plag1s
1467 1978 1510 2012 et
1550 1970 1815 2022 accmmbus,
1839 1984 1877 2019 25

36 2024 265 2086 {25²²e¹5¹,⁰¹d³¹¹ary
328 2040 495 2082 bellicis
539 2041 904 2094 percussionibus,
939 2048 982 2082 et
1008 2042 1174 2083 vceteris
1217 2041 1471 2095 hujusmodi
1510 2054 1596 2095 que
1635 2041 1816 2083 omnino

326 2111 454 2152 vitari
478 2124 564 2152 non
587 2118 784 2164 possunt.
1459 2108 1467 2116 '

387 2181 538 2234 Igitur,
562 2180 602 2222 O
628 2180 903 2231 Alexander,
925 2195 1024 2222 cum
1048 2196 1074 2223 a
1096 2174 1284 2237 sompno
1317 2181 1557 2223 surrexeris
1591 2181 1813 2223 modicum

327 2251 464 2292 debes
506 2250 735 2292 ambulare
778 2257 821 2291 et
862 2252 1061 2293 membra
1104 2258 1180 2294 tua
1221 2251 1438 2306 equaliter
1480 2251 1734 2301 extendere,
1771 2258 1814 2293 et

327 2327 450 2362 tuum
479 2318 484 2374 Ι
514 2326 647 2374 caput
680 2326 867 2374 pectere,
900 2321 1005 2374 quia
1038 2321 1288 2363 ambulacio
1320 2328 1569 2376 temperata
1600 2326 1645 2362 et
1676 2334 1814 2362 mem·
1835 2333 1879 2366 30

328 2391 507 2431 brorum
530 2390 733 2431 extensio
756 2390 1040 2432 corroborant
1064 2405 1223 2446 corpus
1247 2397 1290 2432 et
1307 2391 1517 2433 virtutem
1539 2390 1812 2445 spiritualem

326 2466 370 2501 et
394 2459 641 2501 naturalem
663 2459 916 2501 confortant
939 2467 982 2502 et
1005 2474 1192 2514 vapores
1217 2460 1478 2514 digestionis
1501 2459 1746 2515 expellunt,
1769 2467 1813 2502 et

38 2175 127 2201 What
142 2181 171 2202 to
184 2176 221 2203 do

37 2210 119 2236 when
133 2219 185 2236 one
199 2211 268 2238 rises
280 2222 285 2237 :

38 2244 111 2270 wall<
124 2244 221 2277 about,

37 2278 153 2307 stretch‚
169 2280 225 2305 and

37 2312 120 2339 comb
133 2313 181 2340 the
195 2313 274 2345 haim

215 2355 257 2395 56
274 2355 306 2388 b.

392 2586 401 2605 ¹
433 2584 595 2630 scilicet,
620 2583 805 2624 ocitacio.
1141 2585 1153 2605 ²
1173 2586 1247 2632 vel,
1269 2587 1333 2624 sis.

373 2716 411 2745 14
437 2705 592 2746 Chapter
608 2705 727 2735 xxxvi.
751 2704 789 2736 V.
837 2704 912 2736 The
941 2709 1026 2736 tract
1055 2705 1095 2736 of
1118 2706 1300 2744 Johannes
1327 2706 1547 2746 Hispalensis
1569 2706 1690 2746 begins
1713 2706 1809 2738 here.

328 2759 394 2790 For
410 2757 463 2789 his
478 2757 616 2797 presace
633 2767 693 2788 see
708 2757 954 2789 introduction.
1106 2760 1147 2790 28
1172 2759 1326 2799 Chapter
1343 2759 1471 2790 xxxvii.
1495 2759 1530 2791 V.
