1908 3126
21 437 149 464 Observe
163 436 211 462 the

21 470 145 505 position
161 470 191 497 of
203 469 252 497 the

21 505 81 532 Suu
96 505 124 531 in
138 505 186 531 the

22 539 129 572 zodiac,

204 856 244 895 85
262 854 294 885 b.

24 1072 80 1098 and
95 1071 157 1097 that
172 1070 204 1097 of
215 1070 264 1097 the

26 1106 126 1139 Moon,

28 1422 89 1449 The
103 1422 164 1449 best
178 1421 264 1455 signs.

30 1685 224 1718 Conjunction
238 1686 267 1712 ot

31 1720 121 1747 Moon
135 1720 193 1746 and

29 1754 152 1788 Jupiter.

1021 35 1099 64 110

311 141 418 182 dum
454 153 555 181 cum
595 139 723 180 fuerit
759 139 801 179 in
841 137 1074 180 Mercurio.
1140 136 1207 178 Sit
1247 137 1397 191 itaque
1433 137 1696 192 principium
1734 138 1799 179 tui

310 210 455 265 operis
487 209 734 251 secundum
767 209 934 250 bonam
967 206 1356 249 constellacionem
1387 206 1516 248 Lune
1539 213 1583 248 et
1608 206 1702 261 ejus
1724 207 1799 249 ab·

312 281 505 322 senciam
535 294 560 321 a
582 279 749 321 nocivis
772 277 922 335 stellis,
946 283 990 319 et
1013 278 1256 319 secundum
1279 277 1372 332 ejus
1395 278 1734 332 prosperitatem
1758 278 1800 318 in

312 365 393 392 suo
417 349 633 393 ascensu.1

370 420 485 462 Cum
508 420 697 461 volueris
720 420 826 461 dare
847 418 1040 472 aliquam
1072 418 1351 469 medicinam,
1373 417 1475 459 vide
1498 418 1542 459 in
1567 431 1657 472 quo
1680 417 1803 471 signo
1823 434 1841 465 5

312 492 368 533 sit
392 491 483 541 Sol,
502 490 623 545 quod
647 489 824 543 quidem
849 488 1016 543 poteris
1040 502 1117 542 per
1139 486 1389 542 presentem
1414 501 1610 529 mensem
1636 500 1802 541 cogno·
1855 506 1859 513 ··

312 575 444 612 scere,
477 561 512 602 si
548 559 782 614 diligenter
821 558 1027 612 inspicias
1069 559 1198 613 signa
1234 565 1278 600 et
1317 571 1491 599 menses
1529 557 1572 599 in
1610 558 1805 612 presenti

312 645 440 686 spera
464 631 725 684 descriptos.
785 627 831 670 Si
857 629 975 669 enim
997 628 1054 669 sit
1077 629 1119 668 in
1143 627 1331 670 colerico
1354 627 1481 681 signo
1504 634 1682 682 oportet
1704 626 1805 681 plus

313 701 411 743 acui
449 699 699 750 medicina,2
734 700 776 740 in
824 697 1112 740 melancolica
1155 697 1409 752 plurimum.
1479 696 1526 739 Si
1569 703 1719 739 autem
1762 697 1806 738 in

314 771 558 825 sanguineo
581 770 712 812 suerit
739 770 881 824 signo,
896 775 1075 823 oportet
1099 768 1323 809 modicum
1345 767 1443 809 acui
1468 768 1745 818 medicinam,
1764 773 1808 809 et
1828 781 1868 806 10

315 841 350 882 si
370 842 412 882 in
434 840 689 883 fleumatico
710 839 866 880 minus.
917 839 1037 879 Nam
1060 838 1300 879 secundum
1325 838 1545 879 racionem
1575 837 1580 892 1
1608 844 1652 879 et
1669 836 1808 891 quali-

317 918 456 953 tatem
485 911 597 965 signi
630 917 674 952 et
702 909 926 950 racionem
957 908 1137 962 quando
1171 903 1252 950 Sol
1282 907 1539 961 prolabitur,
1561 907 1740 959 scilicet,
1763 908 1808 949 in
1855 946 1865 954 ,

318 982 462 1035 signo,
487 980 585 1035 plus
608 986 651 1021 et
687 979 786 1034 plus
820 978 1138 1032 constringitur
1158 978 1321 1019 ventris
1351 985 1519 1029 natura,
1543 984 1587 1020 et
1615 973 1807 1020 lakatur.

322 1052 526 1093 Preterea
569 1049 803 1103 diligenter
848 1055 914 1089 est
959 1049 1282 1089 attendendum
1322 1054 1470 1090 utrum
1510 1048 1643 1092 Luna.
1675 1048 1732 1090 sit
1766 1048 1809 1089 in

318 1121 509 1163 colerico
548 1121 675 1174 signo
714 1126 791 1160 aut
829 1118 1119 1160 melancolico
1157 1125 1233 1159 aut
1272 1117 1537 1159 fleumatico.
1607 1117 1655 1160 Si
1690 1118 1807 1159 enim
1830 1133 1868 1166 15

319 1191 453 1234 ambo
491 1190 728 1232 luminaria
765 1189 809 1230 in
852 1188 1050 1230 colericis
1089 1189 1224 1243 signis
1271 1202 1317 1230 se
1351 1188 1595 1242 receperint
1631 1187 1700 1229 vel
1744 1201 1808 1229 re-

320 1262 563 1316 spexerint,
598 1261 818 1302 medicina
854 1266 957 1300 tunc
989 1258 1119 1300 alicui
1154 1259 1260 1300 data
1292 1271 1449 1312 parum
1489 1258 1697 1300 movebit.
1761 1257 1810 1300 Si

321 1346 424 1373 vero
449 1332 491 1372 in
516 1330 818 1379 melancolico,
841 1335 918 1369 aut
940 1328 1070 1369 nichil
1100 1329 1281 1369 omnino
1304 1335 1379 1369 aut
1409 1327 1600 1370 multum
1623 1341 1809 1383 parvum

321 1402 611 1456 accipientem
648 1400 803 1442 solvet.
869 1398 1004 1453 Quod
1040 1399 1075 1439 si
1108 1399 1151 1438 in
1183 1397 1448 1440 fleumaticis
1486 1399 1618 1453 signis
1655 1397 1733 1440 Sol
1766 1404 1812 1440 et
1871 1423 1875 1426 —

325 1472 453 1513 Luna
470 1472 711 1520 extiterint,
726 1469 919 1511 facilime
943 1469 1160 1509 medicina
1182 1475 1363 1523 sumpta
1382 1470 1523 1520 duret,
1541 1475 1584 1510 et
1602 1469 1810 1523 precipue
1832 1482 1847 1504 2

322 1543 356 1582 si
382 1542 511 1583 fuerit
536 1542 664 1582 Luna
688 1541 730 1582 in
757 1539 1032 1594 augmento.3

377 1666 387 1686 ¹
421 1668 654 1706 Secundum
683 1667 966 1705 Ptholomeum
988 1664 1027 1703 in
1061 1665 1269 1714 Centilogzb
1294 1665 1334 1702 in
1354 1663 1592 1715 recepcione
1613 1664 1813 1705 mediclne

322 1736 405 1760 non
427 1723 549 1761 debet
571 1723 687 1760 Luna
707 1734 793 1760 esse
813 1734 905 1759 cum
923 1721 1034 1770 Jove,
1058 1719 1152 1770 quia
1172 1733 1218 1758 ex
1235 1719 1415 1759 bonitate
1435 1719 1547 1770 Jovis
1568 1721 1814 1759 confortatur

323 1779 363 1815 in
403 1785 558 1816 tantum
599 1784 749 1824 natura,
786 1783 829 1814 ut
868 1776 1047 1814 destruat
1081 1776 1266 1813 effectum
1300 1774 1510 1824 medicine,
1548 1782 1587 1814 et
1620 1774 1714 1815 ideo
1744 1788 1814 1827 per

322 1832 564 1871 contrarium
600 1832 723 1871 debet
762 1844 863 1881 opus
903 1829 1050 1869 dimitti
1090 1830 1255 1880 quando
1286 1831 1401 1869 Luna
1435 1830 1559 1869 habet
1597 1830 1813 1870 contrarias
1833 1843 1872 1874 2‚‘

320 1886 625 1938 disposiciones.

376 1942 389 1962 ²
419 1942 582 1989 scilicet,
607 1955 728 1992 quam
751 1940 791 1978 in
813 1939 1034 1991 sanguineo
1055 1948 1094 1979 et
1115 1939 1356 1979 fleumatico.

376 1998 388 2017 ³
421 1998 586 2048 Signum
620 1997 836 2035 colericum
877 2003 936 2034 est
975 1994 1138 2042 siccum,
1172 2002 1211 2033 et
1243 1993 1551 2045 melancolicum
1591 2003 1650 2034 est
1690 1995 1814 2045 magis

322 2051 486 2099 siccum,
533 2060 572 2091 et
611 2051 762 2090 siccum
803 2049 1048 2101 constringit.
1108 2050 1274 2101 Signum
1315 2063 1407 2089 vero
1453 2048 1815 2101 sanguineumest

322 2108 552 2155 humidum,
582 2114 620 2146 et
651 2106 924 2145 fleumaticum
958 2106 1082 2155 magis
1114 2112 1309 2156 quantum
1337 2105 1389 2144 ad
1418 2104 1743 2152 lubricacionem‚
1777 2111 1815 2144 et
1833 2112 1876 2146 30'

322 2161 416 2201 ideo
437 2163 569 2201 laxant
591 2161 684 2212 quia
705 2159 915 2199 humidum
938 2160 1107 2199 lubricat
1129 2167 1167 2198 et
1187 2156 1300 2198 laxat.
1870 2156 1880 2162 ”

367 2292 386 2322 5
413 2282 566 2323 Chapter
582 2282 713 2314 lxxviii.
737 2281 771 2313 V.

368 2345 410 2365 22
435 2335 537 2366 Verb.
562 2346 601 2376 19
621 2335 657 2377 [s.
681 2336 769 2376 108³,
788 2335 843 2366 ed.
866 2335 974 2375 1493).
