1908 3126
1029 92 1082 132 60

307 212 364 252 de
397 201 584 251 consilio
619 207 894 249 medicorum
929 220 1030 248 cum
1064 213 1184 250 certo
1211 208 1408 262 pondere
1438 213 1482 249 et
1514 219 1732 257 mensura,
1754 213 1798 248 et

309 286 465 334 potum
489 277 703 319 conficere
725 278 837 319 sicut
859 278 1002 320 decet.
1519 318 1522 320 ,

18 363 189 391 Remember
203 363 267 405 1¹¹5.
371 349 412 391 O
439 348 701 390 Alexander
732 347 877 389 recole
898 347 1064 390 factum
1089 348 1239 402 regine
1263 348 1490 399 Indorum,
1513 348 1692 401 quando
1718 346 1798 388 tibi

19 398 282 467 ss0l{S‡}.‘ssfa¹÷332¹ff‘
312 419 540 461 mandavit
573 432 704 460 causa
736 418 936 460 amicicie
968 416 1108 460 multa
1140 416 1334 459 xennia1
1373 424 1417 460 et
1454 418 1571 460 dona
1603 424 1800 468 venusta,

60 492 62 495 ’
312 491 425 532 inter
447 502 537 543 que
560 489 692 530 missa
723 487 803 530 fuit
827 487 900 530 illa
921 488 1233 530 venustissima
1253 488 1400 542 puella
1426 502 1513 542 que
1535 487 1592 528 ab
1615 486 1803 528 infancia
1821 497 1838 531 5

312 561 487 603 imbuta
519 565 563 601 et
595 559 759 600 nutrita
793 558 874 601 fuit
895 571 1065 600 veneno
1097 565 1365 613 serpentum,
1393 559 1453 600 ita
1485 557 1605 613 quod
1639 558 1694 599 de
1726 570 1803 598 sua

312 637 468 673 natura
504 642 715 671 conversa
748 629 827 670 fuit
862 629 904 670 in
938 635 1142 670 naturam
1175 635 1447 683 serpentum,
1511 628 1572 669 Et
1605 627 1688 668 nisi
1720 639 1804 680 ego

24 697 150 744 lflhad
166 723 213 743 not
313 701 388 742 illa
411 700 520 741 hora
542 699 778 753 diligenter
801 700 1094 754 inspexissem
1116 700 1160 740 in
1184 690 1337 755 ipsam,
1356 706 1396 741 et
1422 705 1516 740 arte
1534 697 1804 753 judicassem

22 752 195 818 {222⁰{2r20
209 751 254 777 ⁰¹³⁵
315 772 370 814 de
389 769 551 824 puella,
565 784 617 811 eo
635 771 756 824 quod
775 770 836 811 ita
852 771 1064 812 audacter
1081 776 1125 812 et
1142 768 1413 812 horribiliter
1429 775 1473 811 et
1490 766 1806 811 incessabiliter

315 848 359 883 et
388 841 680 882 inverecunde
705 854 832 882 suum
865 839 1030 895 figebat
1056 840 1199 882 visum
1230 840 1273 881 in
1303 840 1414 882 facie
1440 839 1686 888 hominum,
1709 851 1805 892 per·
1826 850 1865 874 10

317 911 451 967 pendi
485 911 704 965 siquidem
740 911 860 965 quod
894 910 1160 953 interficeret
1192 910 1394 952 homines
1429 909 1524 951 solo
1558 923 1706 951 morsu
1739 907 1806 950 vel
1838 949 1847 956 ,

24 986 278 1055 ἔὲξηζζῖὲὲῃῑὲῇῂᾶ
317 983 427 1033 visu,
462 981 584 1035 quod
619 988 666 1022 tu
702 973 1011 1036 experimento
1047 988 1150 1036 post
1188 981 1445 1036 probavisti.
1511 981 1570 1021 Et
1604 976 1687 1021 nisi
1721 979 1807 1020 hoc

211 1073 247 1104 51
270 1075 300 1095 a.
320 1052 565 1094 certissime
592 1050 596 1105 1
627 1052 708 1093 tibi
750 1052 1062 1103 ostendissem,
1097 1066 1216 1094 mors
1259 1058 1338 1093 tua
1375 1051 1529 1093 fuisset
1567 1051 1609 1091 in
1651 1049 1809 1091 ardore

321 1123 463 1165 coitus
486 1121 601 1164 illius
622 1130 873 1164 consecuta.

379 1192 449 1233 De
473 1190 698 1233 mundicia
723 1193 879 1235 anime.
1801 1207 1812 1219 ·
1831 1199 1868 1235 15

31 1280 166 1318 pragen-e
181 1278 228 1305 the
381 1262 421 1305 O
438 1262 715 1314 Alexander,
728 1276 852 1304 serva
866 1269 989 1304 tuam
1005 1263 1323 1305 nobilissimam
1332 1263 1529 1304 animam
1539 1259 1810 1314 superiorem
1835 1308 1838 1310 ,

30 1313 234 1375 {ciliifyOs‘hy
322 1340 366 1376 et
390 1332 650 1388 angelicam,
672 1333 776 1386 quia
807 1333 1075 1374 comendata
1098 1340 1164 1375 est
1194 1332 1274 1375 tibi
1308 1345 1396 1374 non
1426 1337 1474 1373 ut
1497 1330 1813 1372 dehonestetur

324 1410 389 1445 set
426 1409 473 1444 ut
506 1403 732 1457 glorietur.
795 1403 899 1444 Non
935 1402 1024 1443 sis²
1059 1404 1115 1445 de
1150 1403 1410 1446 condicione
1449 1409 1492 1443 et
1536 1413 1696 1455 genere
1733 1398 1812 1439 im-

324 1474 593 1515 mundorum
610 1471 626 1494 3
649 1479 715 1514 set
738 1474 794 1514 de
817 1486 1002 1515 numero
1026 1475 1291 1527 sapientum.

36 1602 77 1652 h
391 1605 639 1660 Capitulum
664 1617 745 1648 ‚22.
770 1605 821 1645 de
843 1605 1056 1659 regimine
1079 1604 1165 1646 vite
1177 1613 1260 1660 per
1282 1604 1612 1646 astronomiam.
1837 1614 1876 1651 ,α
1904 1650 1908 1672 ᾗ

35 1711 282 1779 ἃοςιὲῗικιξιςῐὲιεοῐέυῑ
489 1704 591 1745 Rex
630 1704 988 1755 clementissime,
1023 1704 1057 1745 si
1097 1703 1190 1745 fieri
1225 1709 1386 1757 potest,
1421 1715 1510 1743 non
1549 1714 1701 1755 surgas
1737 1711 1818 1741 nec
1906 1704 1908 1759 i

38 1782 219 1813 Astronomy-
457 1775 611 1815 sedeas
644 1788 723 1815 nec
756 1775 966 1816 comedas
993 1787 1072 1815 nec
1101 1773 1226 1815 bibas
1254 1780 1298 1814 et
1325 1772 1458 1814 nichil
1485 1771 1659 1826 penitus
1686 1770 1818 1812 facias
1874 1815 1875 1818 Ἴ
1906 1761 1908 1849 l

330 1845 424 1886 sine
464 1845 648 1886 consilio
688 1846 767 1886 viri
806 1845 934 1899 periti
972 1845 1014 1885 in
1048 1850 1142 1886 arte
1176 1851 1410 1886 astrorum.
1476 1841 1601 1884 Scias
1637 1837 1818 1895 itaque4
1873 1869 1908 1878 .,

39 1923 293 1990 ffootgiggsiffggfn·
331 1929 412 1969 pro
455 1923 575 1956 certo
618 1915 737 1969 quOd
783 1916 913 1957 nichil
958 1914 1058 1957 fecit
1099 1914 1316 1968 gloriosus
1353 1914 1477 1955 Deus
1513 1925 1702 1954 vacuum
1740 1923 1818 1951 nec
1870 1970 1878 1979 ι

332 1986 534 2027 ociosum
562 1986 605 2026 in
629 1986 807 2036 naturis,
833 1992 899 2027 set
924 1986 1073 2028 omnia
1097 1991 1197 2026 sunt
1221 1984 1338 2026 facta
1360 1982 1580 2039 probabili
1607 1996 1664 2024 ex
1688 1992 1819 2023 causa
1839 1997 1878 2033 ²⁵

334 2063 378 2098 et
407 2056 649 2098 certissima
674 2058 860 2098 racione.
928 2055 987 2097 Et
1011 2069 1092 2110 per
1120 2054 1249 2096 istam
1273 2050 1393 2095 viam
1416 2060 1470 2105 et,
1483 2052 1819 2106 inquisicionem

44 2145 128 2171 Plato
142 2144 285 2170 knewme
333 2127 545 2181 cognovit
568 2127 857 2180 peritissimus
888 2123 1044 2168 doctor
1070 2132 1220 2169 noster
1244 2124 1372 2166 Plato
1395 2130 1598 2165 naturam
1623 2121 1819 2177 parcium

41 2178 230 2211 composition
244 2179 276 2205 of

42 2214 79 2240 all
94 2213 201 2246 things.
335 2197 683 2250 compositarum
716 2210 859 2238 rerum
890 2210 947 2237 ex
971 2195 1202 2238 contrariis
1224 2194 1512 2249 qualitatibus
1535 2199 1579 2235 et
1602 2191 1822 2234 coloribus

45 2324 107 2384 'ssbe
122 2334 222 2384 pssOPfjr
258 2368 262 2375 7
307 2358 315 2384 l
390 2323 400 2343 ¹
433 2322 623 2361 xennium
647 2330 704 2361 est
724 2334 872 2360 nomen
895 2321 1069 2360 Grecum
1085 2321 1196 2371 quod
1218 2320 1255 2358 in
1280 2319 1469 2358 omnibus
1486 2316 1693 2358 veracibus
1714 2315 1822 2355 libris

47 2367 194 2419 κοὲιῗῖιῑῗωῖ.
210 2368 224 2384 ²
239 2367 308 2384 “⁰“
336 2377 517 2425 habetur,
534 2386 614 2416 tam
637 2377 677 2415 in
693 2384 801 2415 textu
824 2390 936 2415 sacro
953 2389 1072 2426 quam
1091 2375 1130 2414 in
1148 2374 1403 2426 philosophia
1420 2382 1458 2414 et
1473 2375 1571 2424 jure,
1587 2373 1696 2411 unde
1712 2370 1822 2422 quod
1841 2380 1881 2414 30

336 2432 569 2482 preponitur
590 2446 610 2471 e
633 2432 671 2470 in
694 2431 821 2482 prima
841 2431 981 2470 sillaba
1004 2430 1180 2470 dicendo
1201 2431 1382 2477 exennia,
1403 2428 1524 2467 nichil
1547 2427 1604 2467 est
1626 2434 1664 2466 et
1685 2427 1823 2465 fictum

337 2500 360 2525 a
379 2488 619 2537 glomerellis
639 2486 733 2537 quia
755 2486 937 2537 ignorant
959 2488 1145 2525 Grecum.

392 2543 405 2563 ²
435 2544 506 2590 vel,
530 2543 592 2581 sit.

392 2597 405 2615 ³
435 2597 656 2647 spirituum,
680 2597 842 2636 scilicet.

393 2652 406 2672 ⁴
436 2653 508 2699 vel,
531 2651 681 2702 utique.
1843 2649 1882 2686 35

389 2768 428 2797 16
452 2766 604 2806 Chapter
622 2768 716 2797 xxxi.
739 2768 774 2797 1'.
803 2810 813 2816 „
