<?xml version="1.0" encoding="UTF-8"?>
<!DOCTYPE html PUBLIC "-//W3C//DTD XHTML 1.0 Transitional//EN"
    "http://www.w3.org/TR/xhtml1/DTD/xhtml1-transitional.dtd">
<html xmlns="http://www.w3.org/1999/xhtml" xml:lang="en" lang="en">
 <head>
  <title>
</title>
<meta http-equiv="Content-Type" content="text/html;charset=utf-8" />
  <meta name='ocr-system' content='tesseract 3.04.00' />
  <meta name='ocr-capabilities' content='ocr_page ocr_carea ocr_par ocr_line ocrx_word'/>
</head>
<body>
  <div class='ocr_page' id='page_1' title='image "./operahactenusine05baco_0158.png"; bbox 0 0 1908 3126; ppageno 0'>
   <div class='ocr_carea' id='block_1_1' title="bbox 28 645 200 672">
    <p class='ocr_par' dir='ltr' id='par_1_1' title="bbox 28 645 200 672">
     <span class='ocr_line' id='line_1_1' title="bbox 28 645 200 672; baseline 0.006 -1"><span class='ocrx_word' id='word_1_1' title='bbox 28 645 117 671; x_wconf 83' lang='lat' dir='ltr'><strong>What</strong></span> <span class='ocrx_word' id='word_1_2' title='bbox 130 645 200 672; x_wconf 77' lang='lat' dir='ltr'><strong>evils</strong></span> 
     </span>
    </p>
   </div>
   <div class='ocr_carea' id='block_1_2' title="bbox 27 680 330 706">
    <p class='ocr_par' dir='ltr' id='par_1_2' title="bbox 27 680 330 706">
     <span class='ocr_line' id='line_1_2' title="bbox 27 680 330 706; baseline 0 0"><span class='ocrx_word' id='word_1_3' title='bbox 27 685 57 706; x_wconf 85' lang='lat' dir='ltr'><strong>to</strong></span> <span class='ocrx_word' id='word_1_4' title='bbox 70 680 105 706; x_wconf 89' lang='lat' dir='ltr'><strong>be</strong></span> <span class='ocrx_word' id='word_1_5' title='bbox 118 680 214 706; x_wconf 78' lang='lat' dir='ltr'><strong>feared</strong></span> <span class='ocrx_word' id='word_1_6' title='bbox 228 680 300 706; x_wconf 83' lang='lat' dir='ltr'><strong>from</strong></span> <span class='ocrx_word' id='word_1_7' title='bbox 322 696 330 703; x_wconf 89' lang='lat'>-</span> 
     </span>
    </p>
   </div>
   <div class='ocr_carea' id='block_1_3' title="bbox 214 654 262 672">
    <p class='ocr_par' dir='ltr' id='par_1_3' title="bbox 214 654 262 672">
     <span class='ocr_line' id='line_1_3' title="bbox 214 654 262 672; baseline -0.021 0"><span class='ocrx_word' id='word_1_8' title='bbox 214 654 262 672; x_wconf 73' lang='lat' dir='ltr'><strong>are</strong></span> 
     </span>
    </p>
   </div>
   <div class='ocr_carea' id='block_1_4' title="bbox 25 714 272 775">
    <p class='ocr_par' dir='ltr' id='par_1_4' title="bbox 25 714 272 775">
     <span class='ocr_line' id='line_1_4' title="bbox 25 714 272 748; baseline -0.004 -8"><span class='ocrx_word' id='word_1_9' title='bbox 25 714 176 747; x_wconf 83' lang='lat' dir='ltr'><strong>neglected</strong></span> <span class='ocrx_word' id='word_1_10' title='bbox 190 714 272 748; x_wconf 70' lang='lat' dir='ltr'><strong>pains</strong></span> 
     </span>
     <span class='ocr_line' id='line_1_5' title="bbox 26 748 215 775; baseline 0 0"><span class='ocrx_word' id='word_1_11' title='bbox 26 748 56 775; x_wconf 85' lang='lat' dir='ltr'><strong>in</strong></span> <span class='ocrx_word' id='word_1_12' title='bbox 71 749 119 775; x_wconf 85' lang='lat' dir='ltr'><strong>the</strong></span> <span class='ocrx_word' id='word_1_13' title='bbox 133 749 215 775; x_wconf 83' lang='lat' dir='ltr'><strong>head.</strong></span> 
     </span>
    </p>
   </div>
   <div class='ocr_carea' id='block_1_5' title="bbox 28 1120 302 1155">
    <p class='ocr_par' dir='ltr' id='par_1_5' title="bbox 28 1120 302 1155">
     <span class='ocr_line' id='line_1_6' title="bbox 28 1120 302 1155; baseline -0.004 -7"><span class='ocrx_word' id='word_1_14' title='bbox 28 1120 114 1155; x_wconf 82' lang='lat' dir='ltr'>Sigus</span> <span class='ocrx_word' id='word_1_15' title='bbox 131 1121 163 1148; x_wconf 89' lang='lat' dir='ltr'><strong>of</strong></span> <span class='ocrx_word' id='word_1_16' title='bbox 175 1121 302 1148; x_wconf 73' lang='lat' dir='ltr'><strong>sickness</strong></span> 
     </span>
    </p>
   </div>
   <div class='ocr_carea' id='block_1_6' title="bbox 24 1155 243 1183">
    <p class='ocr_par' dir='ltr' id='par_1_6' title="bbox 24 1155 243 1183">
     <span class='ocr_line' id='line_1_7' title="bbox 24 1155 243 1183; baseline 0.005 -1"><span class='ocrx_word' id='word_1_17' title='bbox 24 1155 55 1182; x_wconf 90' lang='lat' dir='ltr'><strong>in</strong></span> <span class='ocrx_word' id='word_1_18' title='bbox 69 1156 118 1183; x_wconf 85' lang='lat' dir='ltr'><strong>the</strong></span> <span class='ocrx_word' id='word_1_19' title='bbox 131 1156 227 1183; x_wconf 78' lang='lat' dir='ltr'><strong>breast</strong></span> <span class='ocrx_word' id='word_1_20' title='bbox 239 1168 243 1183; x_wconf 96' lang='lat'>:</span> 
     </span>
    </p>
   </div>
   <div class='ocr_carea' id='block_1_7' title="bbox 27 1393 254 1421">
    <p class='ocr_par' dir='ltr' id='par_1_7' title="bbox 27 1393 254 1421">
     <span class='ocr_line' id='line_1_8' title="bbox 27 1393 254 1421; baseline -0.004 -1"><span class='ocrx_word' id='word_1_21' title='bbox 27 1393 151 1420; x_wconf 79' lang='lat' dir='ltr'><strong>suitabie</strong></span> <span class='ocrx_word' id='word_1_22' title='bbox 167 1393 254 1421; x_wconf 82' lang='lat' dir='ltr'><strong>medi-</strong></span> 
     </span>
    </p>
   </div>
   <div class='ocr_carea' id='block_1_8' title="bbox 27 1427 114 1455">
    <p class='ocr_par' dir='ltr' id='par_1_8' title="bbox 27 1427 114 1455">
     <span class='ocr_line' id='line_1_9' title="bbox 27 1427 114 1455; baseline -0.011 0"><span class='ocrx_word' id='word_1_23' title='bbox 27 1427 114 1455; x_wconf 83' lang='lat' dir='ltr'><strong>eines.</strong></span> 
     </span>
    </p>
   </div>
   <div class='ocr_carea' id='block_1_9' title="bbox 31 1675 206 1701">
    <p class='ocr_par' dir='ltr' id='par_1_9' title="bbox 31 1675 206 1701">
     <span class='ocr_line' id='line_1_10' title="bbox 31 1675 206 1701; baseline 0 0"><span class='ocrx_word' id='word_1_24' title='bbox 31 1675 120 1701; x_wconf 82' lang='lat' dir='ltr'><strong>What</strong></span> <span class='ocrx_word' id='word_1_25' title='bbox 135 1675 206 1701; x_wconf 83' lang='lat' dir='ltr'><strong>evils</strong></span> 
     </span>
    </p>
   </div>
   <div class='ocr_carea' id='block_1_10' title="bbox 219 1684 266 1701">
    <p class='ocr_par' dir='ltr' id='par_1_10' title="bbox 219 1684 266 1701">
     <span class='ocr_line' id='line_1_11' title="bbox 219 1684 266 1701; baseline -0.021 0"><span class='ocrx_word' id='word_1_26' title='bbox 219 1684 266 1701; x_wconf 69' lang='lat' dir='ltr'><strong>are</strong></span> 
     </span>
    </p>
   </div>
   <div class='ocr_carea' id='block_1_11' title="bbox 30 1710 227 1736">
    <p class='ocr_par' dir='ltr' id='par_1_11' title="bbox 30 1710 227 1736">
     <span class='ocr_line' id='line_1_12' title="bbox 30 1710 227 1736; baseline 0 -1"><span class='ocrx_word' id='word_1_27' title='bbox 30 1714 60 1736; x_wconf 88' lang='lat' dir='ltr'><strong>to</strong></span> <span class='ocrx_word' id='word_1_28' title='bbox 74 1710 108 1735; x_wconf 88' lang='lat' dir='ltr'><strong>be</strong></span> <span class='ocrx_word' id='word_1_29' title='bbox 123 1710 227 1736; x_wconf 81' lang='lat' dir='ltr'><strong>feared.</strong></span> 
     </span>
    </p>
   </div>
   <div class='ocr_carea' id='block_1_12' title="bbox 32 2000 304 2033">
    <p class='ocr_par' dir='ltr' id='par_1_12' title="bbox 32 2000 304 2033">
     <span class='ocr_line' id='line_1_13' title="bbox 32 2000 304 2033; baseline -0.004 -6"><span class='ocrx_word' id='word_1_30' title='bbox 32 2000 117 2033; x_wconf 77' lang='lat' dir='ltr'><strong>Sigus</strong></span> <span class='ocrx_word' id='word_1_31' title='bbox 131 2001 162 2027; x_wconf 84' lang='lat' dir='ltr'><strong>of</strong></span> <span class='ocrx_word' id='word_1_32' title='bbox 177 2000 304 2027; x_wconf 78' lang='lat' dir='ltr'><strong>sickness</strong></span> 
     </span>
    </p>
   </div>
   <div class='ocr_carea' id='block_1_13' title="bbox 31 2035 218 2068">
    <p class='ocr_par' dir='ltr' id='par_1_13' title="bbox 31 2035 218 2068">
     <span class='ocr_line' id='line_1_14' title="bbox 31 2035 218 2068; baseline 0 -7"><span class='ocrx_word' id='word_1_33' title='bbox 31 2035 57 2061; x_wconf 87' lang='lat' dir='ltr'><strong>in</strong></span> <span class='ocrx_word' id='word_1_34' title='bbox 73 2035 121 2061; x_wconf 83' lang='lat' dir='ltr'><strong>the</strong></span> <span class='ocrx_word' id='word_1_35' title='bbox 136 2044 218 2068; x_wconf 84' lang='lat' dir='ltr'>eyes:</span> 
     </span>
    </p>
   </div>
   <div class='ocr_carea' id='block_1_14' title="bbox 211 2074 303 2116">
    <p class='ocr_par' dir='ltr' id='par_1_14' title="bbox 211 2074 303 2116">
     <span class='ocr_line' id='line_1_15' title="bbox 211 2074 303 2116; baseline 0.012 -10"><span class='ocrx_word' id='word_1_36' title='bbox 211 2074 303 2116; x_wconf 71' lang='grc'>671)</span> 
     </span>
    </p>
   </div>
   <div class='ocr_carea' id='block_1_15' title="bbox 1051 87 1106 138">
    <p class='ocr_par' dir='ltr' id='par_1_15' title="bbox 1051 87 1106 138">
     <span class='ocr_line' id='line_1_16' title="bbox 1051 87 1106 138; baseline 0 0"><span class='ocrx_word' id='word_1_37' title='bbox 1051 87 1106 138; x_wconf 90' lang='lat'><strong>84</strong></span> 
     </span>
    </p>
   </div>
   <div class='ocr_carea' id='block_1_16' title="bbox 319 204 1816 401">
    <p class='ocr_par' dir='ltr' id='par_1_16' title="bbox 319 204 1816 401">
     <span class='ocr_line' id='line_1_17' title="bbox 322 204 1814 260; baseline 0.001 -14"><span class='ocrx_word' id='word_1_38' title='bbox 322 204 606 246; x_wconf 84' lang='lat' dir='ltr'><strong>medicinales</strong></span> <span class='ocrx_word' id='word_1_39' title='bbox 624 206 716 247; x_wconf 86' lang='lat' dir='ltr'><strong>sive</strong></span> <span class='ocrx_word' id='word_1_40' title='bbox 739 205 837 247; x_wconf 84' lang='lat' dir='ltr'><strong>alia.</strong></span> <span class='ocrx_word' id='word_1_41' title='bbox 904 206 1038 247; x_wconf 90' lang='lat' dir='ltr'><strong>Unde</strong></span> <span class='ocrx_word' id='word_1_42' title='bbox 1059 206 1247 260; x_wconf 87' lang='lat' dir='ltr'><strong>accipiat</strong></span> <span class='ocrx_word' id='word_1_43' title='bbox 1266 206 1482 247; x_wconf 87' lang='lat' dir='ltr'><strong>esdentim</strong></span> <span class='ocrx_word' id='word_1_44' title='bbox 1501 204 1516 228; x_wconf 81' lang='lat'>1</span> <span class='ocrx_word' id='word_1_45' title='bbox 1534 211 1578 247; x_wconf 91' lang='lat' dir='ltr'><strong>et</strong></span> <span class='ocrx_word' id='word_1_46' title='bbox 1594 206 1814 259; x_wconf 89' lang='lat' dir='ltr'><strong>decoquat</strong></span> 
     </span>
     <span class='ocr_line' id='line_1_18' title="bbox 319 275 1816 334; baseline 0.001 -18"><span class='ocrx_word' id='word_1_47' title='bbox 319 275 464 331; x_wconf 90' lang='lat' dir='ltr'><strong>ipsum</strong></span> <span class='ocrx_word' id='word_1_48' title='bbox 489 276 532 316; x_wconf 93' lang='lat' dir='ltr'><strong>in</strong></span> <span class='ocrx_word' id='word_1_49' title='bbox 556 276 659 316; x_wconf 88' lang='lat' dir='ltr'><strong>vino</strong></span> <span class='ocrx_word' id='word_1_50' title='bbox 681 275 800 318; x_wconf 90' lang='lat' dir='ltr'><strong>dulci</strong></span> <span class='ocrx_word' id='word_1_51' title='bbox 818 282 862 317; x_wconf 91' lang='lat' dir='ltr'><strong>et</strong></span> <span class='ocrx_word' id='word_1_52' title='bbox 879 289 978 317; x_wconf 92' lang='lat' dir='ltr'><strong>cum</strong></span> <span class='ocrx_word' id='word_1_53' title='bbox 994 275 1217 317; x_wconf 80' lang='lat' dir='ltr'>radicibus</span> <span class='ocrx_word' id='word_1_54' title='bbox 1233 275 1415 329; x_wconf 87' lang='lat' dir='ltr'><strong>pullegii</strong></span> <span class='ocrx_word' id='word_1_55' title='bbox 1434 275 1573 334; x_wconf 86' lang='lat' dir='ltr'><strong>donec</strong></span> <span class='ocrx_word' id='word_1_56' title='bbox 1592 275 1816 318; x_wconf 89' lang='lat' dir='ltr'><strong>minuatur</strong></span> 
     </span>
     <span class='ocr_line' id='line_1_19' title="bbox 322 345 1812 401; baseline 0 -14"><span class='ocrx_word' id='word_1_57' title='bbox 322 346 553 396; x_wconf 80' lang='lat' dir='ltr'><strong>medietas,</strong></span> <span class='ocrx_word' id='word_1_58' title='bbox 595 352 639 387; x_wconf 90' lang='lat' dir='ltr'><strong>et</strong></span> <span class='ocrx_word' id='word_1_59' title='bbox 680 352 830 387; x_wconf 87' lang='lat' dir='ltr'><strong>teneat</strong></span> <span class='ocrx_word' id='word_1_60' title='bbox 868 346 1011 401; x_wconf 89' lang='lat' dir='ltr'><strong>ipsum</strong></span> <span class='ocrx_word' id='word_1_61' title='bbox 1055 345 1098 386; x_wconf 91' lang='lat' dir='ltr'><strong>in</strong></span> <span class='ocrx_word' id='word_1_62' title='bbox 1141 359 1216 387; x_wconf 91' lang='lat' dir='ltr'><strong>ore</strong></span> <span class='ocrx_word' id='word_1_63' title='bbox 1257 345 1456 400; x_wconf 88' lang='lat' dir='ltr'><strong>quolibet</strong></span> <span class='ocrx_word' id='word_1_64' title='bbox 1499 359 1629 387; x_wconf 90' lang='lat' dir='ltr'><strong>mane</strong></span> <span class='ocrx_word' id='word_1_65' title='bbox 1670 345 1812 388; x_wconf 88' lang='lat' dir='ltr'><strong>donec</strong></span> 
     </span>
    </p>
   </div>
   <div class='ocr_carea' id='block_1_17' title="bbox 291 414 1812 472">
    <p class='ocr_par' dir='ltr' id='par_1_17' title="bbox 291 414 1812 472">
     <span class='ocr_line' id='line_1_20' title="bbox 291 414 1812 472; baseline -0.001 -14"><span class='ocrx_word' id='word_1_66' title='bbox 291 451 298 458; x_wconf 92' lang='lat'><strong>.</strong></span> <span class='ocrx_word' id='word_1_67' title='bbox 319 415 487 457; x_wconf 86' lang='lat' dir='ltr'><strong>senciat</strong></span> <span class='ocrx_word' id='word_1_68' title='bbox 510 416 593 457; x_wconf 84' lang='lat' dir='ltr'>sibi</span> <span class='ocrx_word' id='word_1_69' title='bbox 617 416 841 471; x_wconf 82' lang='lat' dir='ltr'><strong>prodesse.</strong></span> <span class='ocrx_word' id='word_1_70' title='bbox 900 416 961 459; x_wconf 85' lang='lat' dir='ltr'><strong>Et</strong></span> <span class='ocrx_word' id='word_1_71' title='bbox 992 422 1140 457; x_wconf 89' lang='lat' dir='ltr'><strong>utatur</strong></span> <span class='ocrx_word' id='word_1_72' title='bbox 1167 416 1209 456; x_wconf 92' lang='lat' dir='ltr'><strong>in</strong></span> <span class='ocrx_word' id='word_1_73' title='bbox 1231 416 1332 457; x_wconf 92' lang='lat' dir='ltr'><strong>cibo</strong></span> <span class='ocrx_word' id='word_1_74' title='bbox 1358 429 1439 457; x_wconf 90' lang='lat' dir='ltr'><strong>suo</strong></span> <span class='ocrx_word' id='word_1_75' title='bbox 1466 416 1614 470; x_wconf 86' lang='lat' dir='ltr'><strong>granis</strong></span> <span class='ocrx_word' id='word_1_76' title='bbox 1636 414 1812 472; x_wconf 67' lang='lat' dir='ltr'><strong>sina1pis</strong></span> 
     </span>
    </p>
   </div>
   <div class='ocr_carea' id='block_1_18' title="bbox 319 485 1879 892">
    <p class='ocr_par' dir='ltr' id='par_1_18' title="bbox 320 485 1852 611">
     <span class='ocr_line' id='line_1_21' title="bbox 320 485 1852 540; baseline 0 -13"><span class='ocrx_word' id='word_1_77' title='bbox 320 492 364 527; x_wconf 87' lang='lat' dir='ltr'><strong>et</strong></span> <span class='ocrx_word' id='word_1_78' title='bbox 387 486 609 539; x_wconf 82' lang='lat' dir='ltr'><strong>decoquat</strong></span> <span class='ocrx_word' id='word_1_79' title='bbox 633 486 676 526; x_wconf 91' lang='lat' dir='ltr'><strong>in</strong></span> <span class='ocrx_word' id='word_1_80' title='bbox 700 486 897 540; x_wconf 90' lang='lat' dir='ltr'><strong>pondere</strong></span> <span class='ocrx_word' id='word_1_81' title='bbox 925 486 1053 526; x_wconf 79' lang='lat' dir='ltr'><strong>unius</strong></span> <span class='ocrx_word' id='word_1_82' title='bbox 1084 485 1247 526; x_wconf 88' lang='lat' dir='ltr'><strong>denarii</strong></span> <span class='ocrx_word' id='word_1_83' title='bbox 1268 499 1377 533; x_wconf 89' lang='lat' dir='ltr'><strong>cum</strong></span> <span class='ocrx_word' id='word_1_84' title='bbox 1410 485 1590 538; x_wconf 86' lang='lat' dir='ltr'><strong>pulvere</strong></span> <span class='ocrx_word' id='word_1_85' title='bbox 1613 485 1813 529; x_wconf 89' lang='lat' dir='ltr'><strong>confecto</strong></span> <span class='ocrx_word' id='word_1_86' title='bbox 1834 502 1852 535; x_wconf 86' lang='lat'>5</span> 
     </span>
     <span class='ocr_line' id='line_1_22' title="bbox 321 554 1637 611; baseline 0 -15"><span class='ocrx_word' id='word_1_87' title='bbox 321 570 379 597; x_wconf 83' lang='lat' dir='ltr'><strong>ex</strong></span> <span class='ocrx_word' id='word_1_88' title='bbox 401 556 463 596; x_wconf 85' lang='lat' dir='ltr'><strong>xii</strong></span> <span class='ocrx_word' id='word_1_89' title='bbox 480 554 495 578; x_wconf 83' lang='lat'>2</span> <span class='ocrx_word' id='word_1_90' title='bbox 516 557 764 611; x_wconf 88' lang='lat' dir='ltr'><strong>unguentis,</strong></span> <span class='ocrx_word' id='word_1_91' title='bbox 789 563 833 597; x_wconf 91' lang='lat' dir='ltr'><strong>et</strong></span> <span class='ocrx_word' id='word_1_92' title='bbox 856 556 940 597; x_wconf 87' lang='lat' dir='ltr'><strong>hoc</strong></span> <span class='ocrx_word' id='word_1_93' title='bbox 970 556 1012 596; x_wconf 88' lang='lat' dir='ltr'><strong>in</strong></span> <span class='ocrx_word' id='word_1_94' title='bbox 1035 556 1352 597; x_wconf 84' lang='lat' dir='ltr'><strong>dormitacione</strong></span> <span class='ocrx_word' id='word_1_95' title='bbox 1375 569 1452 596; x_wconf 89' lang='lat' dir='ltr'><strong>sua</strong></span> <span class='ocrx_word' id='word_1_96' title='bbox 1475 561 1637 597; x_wconf 83' lang='lat' dir='ltr'><strong>utatur.</strong></span> 
     </span>
    </p>

    <p class='ocr_par' dir='ltr' id='par_1_19' title="bbox 319 625 1879 892">
     <span class='ocr_line' id='line_1_23' title="bbox 381 625 1813 685; baseline 0 -18"><span class='ocrx_word' id='word_1_97' title='bbox 381 625 428 668; x_wconf 82' lang='lat' dir='ltr'><strong>Si</strong></span> <span class='ocrx_word' id='word_1_98' title='bbox 451 640 557 685; x_wconf 87' lang='lat' dir='ltr'><strong>ergo</strong></span> <span class='ocrx_word' id='word_1_99' title='bbox 580 627 760 668; x_wconf 88' lang='lat' dir='ltr'><strong>omittat</strong></span> <span class='ocrx_word' id='word_1_100' title='bbox 783 627 867 669; x_wconf 91' lang='lat' dir='ltr'><strong>hoc</strong></span> <span class='ocrx_word' id='word_1_101' title='bbox 891 634 936 668; x_wconf 90' lang='lat' dir='ltr'><strong>et</strong></span> <span class='ocrx_word' id='word_1_102' title='bbox 963 625 1172 680; x_wconf 81' lang='lat' dir='ltr'><strong>negligat,</strong></span> <span class='ocrx_word' id='word_1_103' title='bbox 1195 625 1351 667; x_wconf 89' lang='lat' dir='ltr'><strong>timere</strong></span> <span class='ocrx_word' id='word_1_104' title='bbox 1374 632 1522 679; x_wconf 89' lang='lat' dir='ltr'><strong>potest</strong></span> <span class='ocrx_word' id='word_1_105' title='bbox 1545 625 1813 679; x_wconf 86' lang='lat' dir='ltr'><strong>periculosas</strong></span> 
     </span>
     <span class='ocr_line' id='line_1_24' title="bbox 320 687 1813 750; baseline 0.001 -13"><span class='ocrx_word' id='word_1_106' title='bbox 320 687 599 739; x_wconf 79' lang='lat' dir='ltr'><strong>mfirmitates</strong></span> <span class='ocrx_word' id='word_1_107' title='bbox 640 697 755 745; x_wconf 84' lang='lat' dir='ltr'><strong>inde,</strong></span> <span class='ocrx_word' id='word_1_108' title='bbox 804 697 1023 745; x_wconf 88' lang='lat' dir='ltr'><strong>videlicet,</strong></span> <span class='ocrx_word' id='word_1_109' title='bbox 1075 696 1385 750; x_wconf 89' lang='lat' dir='ltr'><strong>corupcionem</strong></span> <span class='ocrx_word' id='word_1_110' title='bbox 1437 696 1568 748; x_wconf 88' lang='lat' dir='ltr'><strong>visus,</strong></span> <span class='ocrx_word' id='word_1_111' title='bbox 1615 695 1813 738; x_wconf 87' lang='lat' dir='ltr'><strong>dolorem</strong></span> 
     </span>
     <span class='ocr_line' id='line_1_25' title="bbox 320 765 1814 820; baseline 0 -13"><span class='ocrx_word' id='word_1_112' title='bbox 320 767 499 818; x_wconf 86' lang='lat' dir='ltr'><strong>cerebri,</strong></span> <span class='ocrx_word' id='word_1_113' title='bbox 535 773 579 808; x_wconf 88' lang='lat' dir='ltr'><strong>et</strong></span> <span class='ocrx_word' id='word_1_114' title='bbox 622 766 784 808; x_wconf 88' lang='lat' dir='ltr'><strong>multas</strong></span> <span class='ocrx_word' id='word_1_115' title='bbox 821 767 929 808; x_wconf 85' lang='lat' dir='ltr'><strong>alias</strong></span> <span class='ocrx_word' id='word_1_116' title='bbox 966 767 1249 820; x_wconf 82' lang='lat' dir='ltr'><strong>egritudineS,</strong></span> <span class='ocrx_word' id='word_1_117' title='bbox 1285 780 1310 806; x_wconf 89' lang='lat' dir='ltr'><strong>a</strong></span> <span class='ocrx_word' id='word_1_118' title='bbox 1341 765 1501 820; x_wconf 86' lang='lat' dir='ltr'><strong>quibus</strong></span> <span class='ocrx_word' id='word_1_119' title='bbox 1534 766 1740 808; x_wconf 89' lang='lat' dir='ltr'><strong>omnibus</strong></span> <span class='ocrx_word' id='word_1_120' title='bbox 1771 772 1814 808; x_wconf 90' lang='lat' dir='ltr'><strong>te</strong></span> 
     </span>
     <span class='ocr_line' id='line_1_26' title="bbox 319 837 1879 892; baseline -0.001 -12"><span class='ocrx_word' id='word_1_121' title='bbox 319 839 544 880; x_wconf 81' lang='lat' dir='ltr'><strong>custodias</strong></span> <span class='ocrx_word' id='word_1_122' title='bbox 567 837 608 878; x_wconf 88' lang='lat' dir='ltr'><strong>in</strong></span> <span class='ocrx_word' id='word_1_123' title='bbox 633 837 754 879; x_wconf 89' lang='lat' dir='ltr'><strong>omni</strong></span> <span class='ocrx_word' id='word_1_124' title='bbox 778 844 986 892; x_wconf 89' lang='lat' dir='ltr'><strong>tempore.</strong></span> <span class='ocrx_word' id='word_1_125' title='bbox 1838 852 1879 878; x_wconf 76' lang='grc' dir='ltr'><strong>1ο</strong></span> 
     </span>
    </p>
   </div>
   <div class='ocr_carea' id='block_1_19' title="bbox 319 939 1873 1052">
    <p class='ocr_par' dir='ltr' id='par_1_20' title="bbox 319 939 1873 1052">
     <span class='ocr_line' id='line_1_27' title="bbox 383 939 1873 996; baseline 0.001 -14"><span class='ocrx_word' id='word_1_126' title='bbox 383 939 634 994; x_wconf 74' lang='lat' dir='ltr'><strong>Capztnlmn</strong></span> <span class='ocrx_word' id='word_1_127' title='bbox 660 942 742 981; x_wconf 87' lang='lat'>.16.</span> <span class='ocrx_word' id='word_1_128' title='bbox 766 941 818 982; x_wconf 81' lang='lat' dir='ltr'><strong>de</strong></span> <span class='ocrx_word' id='word_1_129' title='bbox 845 940 1093 996; x_wconf 71' lang='lat' dir='ltr'><strong>egritztdzne</strong></span> <span class='ocrx_word' id='word_1_130' title='bbox 1104 940 1293 994; x_wconf 77' lang='lat' dir='ltr'><strong>pectoris</strong></span> <span class='ocrx_word' id='word_1_131' title='bbox 1320 948 1364 982; x_wconf 88' lang='lat' dir='ltr'><strong>et</strong></span> <span class='ocrx_word' id='word_1_132' title='bbox 1383 953 1524 993; x_wconf 76' lang='lat' dir='ltr'><strong>szgms</strong></span> <span class='ocrx_word' id='word_1_133' title='bbox 1549 940 1642 995; x_wconf 80' lang='lat' dir='ltr'><strong>ejus</strong></span> <span class='ocrx_word' id='word_1_134' title='bbox 1661 948 1703 982; x_wconf 83' lang='lat' dir='ltr'><strong>et</strong></span> <span class='ocrx_word' id='word_1_135' title='bbox 1720 941 1815 996; x_wconf 79' lang='lat' dir='ltr'><strong>ejus</strong></span> <span class='ocrx_word' id='word_1_136' title='bbox 1864 969 1873 977; x_wconf 39' lang='grc' dir='ltr'>ν</span> 
     </span>
     <span class='ocr_line' id='line_1_28' title="bbox 319 1011 520 1052; baseline 0.005 -1"><span class='ocrx_word' id='word_1_137' title='bbox 319 1011 520 1052; x_wconf 76' lang='lat' dir='ltr'><strong>remedzo.</strong></span> 
     </span>
    </p>
   </div>
   <div class='ocr_carea' id='block_1_20' title="bbox 320 1097 1882 1857">
    <p class='ocr_par' dir='ltr' id='par_1_21' title="bbox 424 1097 1815 1153">
     <span class='ocr_line' id='line_1_29' title="bbox 424 1097 1815 1153; baseline 0.001 -15"><span class='ocrx_word' id='word_1_138' title='bbox 424 1097 562 1139; x_wconf 87' lang='lat' dir='ltr'><strong>Ectus</strong></span> <span class='ocrx_word' id='word_1_139' title='bbox 593 1104 658 1139; x_wconf 85' lang='lat' dir='ltr'><strong>est</strong></span> <span class='ocrx_word' id='word_1_140' title='bbox 692 1099 887 1140; x_wconf 88' lang='lat' dir='ltr'><strong>secunda</strong></span> <span class='ocrx_word' id='word_1_141' title='bbox 918 1112 1018 1153; x_wconf 81' lang='lat' dir='ltr'><strong>pars</strong></span> <span class='ocrx_word' id='word_1_142' title='bbox 1037 1113 1046 1150; x_wconf 84' lang='lat'>;</span> <span class='ocrx_word' id='word_1_143' title='bbox 1081 1098 1115 1138; x_wconf 88' lang='lat' dir='ltr'><strong>si</strong></span> <span class='ocrx_word' id='word_1_144' title='bbox 1149 1098 1300 1151; x_wconf 84' lang='lat' dir='ltr'><strong>itaque</strong></span> <span class='ocrx_word' id='word_1_145' title='bbox 1333 1097 1376 1138; x_wconf 90' lang='lat' dir='ltr'><strong>in</strong></span> <span class='ocrx_word' id='word_1_146' title='bbox 1410 1111 1462 1139; x_wconf 91' lang='lat' dir='ltr'><strong>eo</strong></span> <span class='ocrx_word' id='word_1_147' title='bbox 1495 1105 1815 1153; x_wconf 85' lang='lat' dir='ltr'><strong>congregentur</strong></span> 
     </span>
    </p>

    <p class='ocr_par' dir='ltr' id='par_1_22' title="bbox 320 1167 1882 1857">
     <span class='ocr_line' id='line_1_30' title="bbox 421 1167 1814 1223; baseline 0.003 -16"><span class='ocrx_word' id='word_1_148' title='bbox 421 1168 750 1221; x_wconf 87' lang='lat' dir='ltr'><strong>superfluitates</strong></span> <span class='ocrx_word' id='word_1_149' title='bbox 772 1168 853 1210; x_wconf 93' lang='lat' dir='ltr'><strong>hec</strong></span> <span class='ocrx_word' id='word_1_150' title='bbox 884 1170 1009 1222; x_wconf 85' lang='lat' dir='ltr'><strong>signa</strong></span> <span class='ocrx_word' id='word_1_151' title='bbox 1032 1174 1264 1210; x_wconf 88' lang='lat' dir='ltr'><strong>secuntur:</strong></span> <span class='ocrx_word' id='word_1_152' title='bbox 1299 1168 1448 1222; x_wconf 90' lang='lat' dir='ltr'><strong>lingua</strong></span> <span class='ocrx_word' id='word_1_153' title='bbox 1471 1167 1519 1209; x_wconf 86' lang='lat' dir='ltr'><strong>fit</strong></span> <span class='ocrx_word' id='word_1_154' title='bbox 1546 1169 1814 1223; x_wconf 84' lang='lat' dir='ltr'><strong>ponderosa,</strong></span> 
     </span>
     <span class='ocr_line' id='line_1_31' title="bbox 320 1238 1874 1293; baseline 0.003 -16"><span class='ocrx_word' id='word_1_155' title='bbox 320 1250 369 1277; x_wconf 91' lang='lat' dir='ltr'><strong>os</strong></span> <span class='ocrx_word' id='word_1_156' title='bbox 412 1238 528 1280; x_wconf 90' lang='lat' dir='ltr'><strong>male</strong></span> <span class='ocrx_word' id='word_1_157' title='bbox 563 1240 830 1293; x_wconf 87' lang='lat' dir='ltr'><strong>dispositum</strong></span> <span class='ocrx_word' id='word_1_158' title='bbox 862 1247 908 1282; x_wconf 92' lang='lat' dir='ltr'><strong>et</strong></span> <span class='ocrx_word' id='word_1_159' title='bbox 944 1239 1110 1281; x_wconf 86' lang='lat' dir='ltr'><strong>salsum</strong></span> <span class='ocrx_word' id='word_1_160' title='bbox 1153 1253 1211 1280; x_wconf 81' lang='lat' dir='ltr'><strong>ex</strong></span> <span class='ocrx_word' id='word_1_161' title='bbox 1249 1238 1457 1293; x_wconf 87' lang='lat' dir='ltr'><strong>flegmate</strong></span> <span class='ocrx_word' id='word_1_162' title='bbox 1487 1239 1619 1290; x_wconf 83' lang='lat' dir='ltr'><strong>salso,</strong></span> <span class='ocrx_word' id='word_1_163' title='bbox 1657 1241 1700 1281; x_wconf 90' lang='lat' dir='ltr'><strong>in</strong></span> <span class='ocrx_word' id='word_1_164' title='bbox 1739 1254 1813 1283; x_wconf 88' lang='lat' dir='ltr'><strong>ore</strong></span> <span class='ocrx_word' id='word_1_165' title='bbox 1836 1253 1874 1288; x_wconf 87' lang='lat'><strong>15</strong></span> 
     </span>
     <span class='ocr_line' id='line_1_32' title="bbox 321 1308 1811 1357; baseline 0.001 -9"><span class='ocrx_word' id='word_1_166' title='bbox 321 1308 543 1350; x_wconf 80' lang='lat' dir='ltr'><strong>stomachi</strong></span> <span class='ocrx_word' id='word_1_167' title='bbox 581 1310 729 1351; x_wconf 90' lang='lat' dir='ltr'><strong>cibum</strong></span> <span class='ocrx_word' id='word_1_168' title='bbox 766 1312 978 1352; x_wconf 89' lang='lat' dir='ltr'><strong>acerbum</strong></span> <span class='ocrx_word' id='word_1_169' title='bbox 1013 1311 1148 1352; x_wconf 88' lang='lat' dir='ltr'><strong>sentit</strong></span> <span class='ocrx_word' id='word_1_170' title='bbox 1183 1310 1331 1357; x_wconf 88' lang='lat' dir='ltr'><strong>homo,</strong></span> <span class='ocrx_word' id='word_1_171' title='bbox 1369 1316 1413 1350; x_wconf 89' lang='lat' dir='ltr'><strong>et</strong></span> <span class='ocrx_word' id='word_1_172' title='bbox 1443 1310 1642 1351; x_wconf 90' lang='lat' dir='ltr'><strong>dolorem</strong></span> <span class='ocrx_word' id='word_1_173' title='bbox 1668 1311 1811 1352; x_wconf 85' lang='lat' dir='ltr'><strong>tussis.</strong></span> 
     </span>
     <span class='ocr_line' id='line_1_33' title="bbox 322 1378 1812 1435; baseline 0.003 -16"><span class='ocrx_word' id='word_1_174' title='bbox 322 1378 514 1432; x_wconf 90' lang='lat' dir='ltr'><strong>Oportet</strong></span> <span class='ocrx_word' id='word_1_175' title='bbox 558 1380 692 1435; x_wconf 86' lang='lat' dir='ltr'><strong>igitur</strong></span> <span class='ocrx_word' id='word_1_176' title='bbox 734 1381 984 1422; x_wconf 90' lang='lat' dir='ltr'><strong>diminuere</strong></span> <span class='ocrx_word' id='word_1_177' title='bbox 1028 1381 1083 1422; x_wconf 89' lang='lat' dir='ltr'><strong>de</strong></span> <span class='ocrx_word' id='word_1_178' title='bbox 1120 1380 1391 1423; x_wconf 88' lang='lat' dir='ltr'><strong>comestione</strong></span> <span class='ocrx_word' id='word_1_179' title='bbox 1433 1387 1476 1420; x_wconf 89' lang='lat' dir='ltr'><strong>et</strong></span> <span class='ocrx_word' id='word_1_180' title='bbox 1521 1381 1583 1422; x_wconf 90' lang='lat' dir='ltr'><strong>uti</strong></span> <span class='ocrx_word' id='word_1_181' title='bbox 1624 1381 1812 1432; x_wconf 90' lang='lat' dir='ltr'><strong>vomitu,</strong></span> 
     </span>
     <span class='ocr_line' id='line_1_34' title="bbox 322 1450 1812 1505; baseline 0.002 -15"><span class='ocrx_word' id='word_1_182' title='bbox 322 1456 366 1490; x_wconf 93' lang='lat' dir='ltr'><strong>et</strong></span> <span class='ocrx_word' id='word_1_183' title='bbox 389 1457 490 1504; x_wconf 88' lang='lat' dir='ltr'><strong>post</strong></span> <span class='ocrx_word' id='word_1_184' title='bbox 513 1451 732 1492; x_wconf 88' lang='lat' dir='ltr'><strong>vomitum</strong></span> <span class='ocrx_word' id='word_1_185' title='bbox 755 1465 929 1493; x_wconf 88' lang='lat' dir='ltr'><strong>sumere</strong></span> <span class='ocrx_word' id='word_1_186' title='bbox 953 1465 1155 1493; x_wconf 84' lang='lat' dir='ltr'><strong>zucaram</strong></span> <span class='ocrx_word' id='word_1_187' title='bbox 1180 1464 1403 1492; x_wconf 86' lang='lat' dir='ltr'><strong>rosaceam</strong></span> <span class='ocrx_word' id='word_1_188' title='bbox 1426 1464 1526 1492; x_wconf 89' lang='lat' dir='ltr'><strong>cum</strong></span> <span class='ocrx_word' id='word_1_189' title='bbox 1550 1450 1672 1505; x_wconf 90' lang='lat' dir='ltr'><strong>ligno</strong></span> <span class='ocrx_word' id='word_1_190' title='bbox 1693 1452 1812 1495; x_wconf 88' lang='lat' dir='ltr'><strong>aloes</strong></span> 
     </span>
     <span class='ocr_line' id='line_1_35' title="bbox 321 1514 1879 1577; baseline 0.001 -15"><span class='ocrx_word' id='word_1_191' title='bbox 321 1527 366 1562; x_wconf 90' lang='lat' dir='ltr'><strong>et</strong></span> <span class='ocrx_word' id='word_1_192' title='bbox 389 1520 579 1562; x_wconf 82' lang='lat' dir='ltr'><strong>mastice.</strong></span> <span class='ocrx_word' id='word_1_193' title='bbox 644 1520 706 1563; x_wconf 88' lang='lat' dir='ltr'><strong>Et</strong></span> <span class='ocrx_word' id='word_1_194' title='bbox 729 1530 829 1575; x_wconf 91' lang='lat' dir='ltr'><strong>post</strong></span> <span class='ocrx_word' id='word_1_195' title='bbox 848 1523 1168 1564; x_wconf 89' lang='lat' dir='ltr'><strong>comestionem</strong></span> <span class='ocrx_word' id='word_1_196' title='bbox 1191 1535 1366 1563; x_wconf 89' lang='lat' dir='ltr'><strong>sumere</strong></span> <span class='ocrx_word' id='word_1_197' title='bbox 1383 1521 1438 1562; x_wconf 87' lang='lat' dir='ltr'><strong>ad</strong></span> <span class='ocrx_word' id='word_1_198' title='bbox 1459 1522 1812 1576; x_wconf 84' lang='lat' dir='ltr'><strong>magnitudinem</strong></span> <span class='ocrx_word' id='word_1_199' title='bbox 1870 1514 1879 1577; x_wconf 34' lang='lat'><strong>⁷·</strong></span> 
     </span>
     <span class='ocr_line' id='line_1_36' title="bbox 323 1587 1882 1646; baseline 0.003 -16"><span class='ocrx_word' id='word_1_200' title='bbox 323 1591 449 1631; x_wconf 89' lang='lat' dir='ltr'><strong>unius</strong></span> <span class='ocrx_word' id='word_1_201' title='bbox 472 1591 594 1632; x_wconf 87' lang='lat' dir='ltr'><strong>nucis</strong></span> <span class='ocrx_word' id='word_1_202' title='bbox 619 1593 674 1633; x_wconf 91' lang='lat' dir='ltr'><strong>de</strong></span> <span class='ocrx_word' id='word_1_203' title='bbox 703 1591 942 1633; x_wconf 85' lang='lat' dir='ltr'><strong>electuario</strong></span> <span class='ocrx_word' id='word_1_204' title='bbox 973 1606 1137 1646; x_wconf 87' lang='lat' dir='ltr'><strong>magno</strong></span> <span class='ocrx_word' id='word_1_205' title='bbox 1167 1592 1406 1633; x_wconf 84' lang='lat' dir='ltr'><strong>amissosus</strong></span> <span class='ocrx_word' id='word_1_206' title='bbox 1423 1593 1451 1644; x_wconf 70' lang='lat'><strong>³,</strong></span> <span class='ocrx_word' id='word_1_207' title='bbox 1475 1592 1594 1646; x_wconf 86' lang='lat' dir='ltr'><strong>quod</strong></span> <span class='ocrx_word' id='word_1_208' title='bbox 1620 1598 1686 1634; x_wconf 90' lang='lat' dir='ltr'><strong>est</strong></span> <span class='ocrx_word' id='word_1_209' title='bbox 1708 1607 1812 1635; x_wconf 89' lang='lat' dir='ltr'><strong>con·</strong></span> <span class='ocrx_word' id='word_1_210' title='bbox 1834 1587 1882 1629; x_wconf 60' lang='lat' dir='ltr'><strong>20s</strong></span> 
     </span>
     <span class='ocr_line' id='line_1_37' title="bbox 322 1653 1879 1718; baseline 0.002 -17"><span class='ocrx_word' id='word_1_211' title='bbox 322 1660 487 1702; x_wconf 90' lang='lat' dir='ltr'><strong>fectum</strong></span> <span class='ocrx_word' id='word_1_212' title='bbox 518 1676 575 1702; x_wconf 82' lang='lat' dir='ltr'><strong>ex</strong></span> <span class='ocrx_word' id='word_1_213' title='bbox 609 1661 729 1716; x_wconf 88' lang='lat' dir='ltr'><strong>ligno</strong></span> <span class='ocrx_word' id='word_1_214' title='bbox 761 1662 880 1704; x_wconf 89' lang='lat' dir='ltr'><strong>aloes</strong></span> <span class='ocrx_word' id='word_1_215' title='bbox 914 1670 956 1704; x_wconf 90' lang='lat' dir='ltr'><strong>et</strong></span> <span class='ocrx_word' id='word_1_216' title='bbox 987 1671 1269 1717; x_wconf 88' lang='lat' dir='ltr'><strong>transeugam</strong></span> <span class='ocrx_word' id='word_1_217' title='bbox 1286 1660 1314 1702; x_wconf 78' lang='lat'><strong>4.</strong></span> <span class='ocrx_word' id='word_1_218' title='bbox 1378 1653 1468 1716; x_wconf 78' lang='lat' dir='ltr'><strong>Qui</strong></span> <span class='ocrx_word' id='word_1_219' title='bbox 1493 1676 1597 1703; x_wconf 89' lang='lat' dir='ltr'><strong>vero</strong></span> <span class='ocrx_word' id='word_1_220' title='bbox 1627 1663 1813 1718; x_wconf 85' lang='lat' dir='ltr'><strong>negligit</strong></span> <span class='ocrx_word' id='word_1_221' title='bbox 1876 1668 1879 1670; x_wconf 83' lang='lat'>&#39;</span> 
     </span>
     <span class='ocr_line' id='line_1_38' title="bbox 323 1730 1811 1786; baseline 0.002 -14"><span class='ocrx_word' id='word_1_222' title='bbox 323 1730 402 1772; x_wconf 92' lang='lat' dir='ltr'><strong>hec</strong></span> <span class='ocrx_word' id='word_1_223' title='bbox 440 1732 591 1781; x_wconf 87' lang='lat' dir='ltr'><strong>facere,</strong></span> <span class='ocrx_word' id='word_1_224' title='bbox 629 1733 685 1773; x_wconf 94' lang='lat' dir='ltr'><strong>de</strong></span> <span class='ocrx_word' id='word_1_225' title='bbox 728 1732 811 1774; x_wconf 90' lang='lat' dir='ltr'><strong>levi</strong></span> <span class='ocrx_word' id='word_1_226' title='bbox 854 1739 1002 1786; x_wconf 91' lang='lat' dir='ltr'><strong>potest</strong></span> <span class='ocrx_word' id='word_1_227' title='bbox 1045 1733 1263 1774; x_wconf 90' lang='lat' dir='ltr'><strong>incurrere</strong></span> <span class='ocrx_word' id='word_1_228' title='bbox 1306 1731 1608 1774; x_wconf 82' lang='lat' dir='ltr'><strong>infirmitatem</strong></span> <span class='ocrx_word' id='word_1_229' title='bbox 1653 1733 1811 1784; x_wconf 84' lang='lat' dir='ltr'><strong>lateris,</strong></span> 
     </span>
     <span class='ocr_line' id='line_1_39' title="bbox 322 1802 1752 1857; baseline 0.001 -15"><span class='ocrx_word' id='word_1_230' title='bbox 322 1802 522 1843; x_wconf 89' lang='lat' dir='ltr'><strong>dolorem</strong></span> <span class='ocrx_word' id='word_1_231' title='bbox 547 1803 590 1843; x_wconf 89' lang='lat' dir='ltr'><strong>in</strong></span> <span class='ocrx_word' id='word_1_232' title='bbox 613 1803 798 1854; x_wconf 86' lang='lat' dir='ltr'><strong>renibus,</strong></span> <span class='ocrx_word' id='word_1_233' title='bbox 825 1811 867 1844; x_wconf 88' lang='lat' dir='ltr'><strong>et</strong></span> <span class='ocrx_word' id='word_1_234' title='bbox 892 1803 1059 1845; x_wconf 89' lang='lat' dir='ltr'><strong>febrem</strong></span> <span class='ocrx_word' id='word_1_235' title='bbox 1084 1810 1126 1845; x_wconf 94' lang='lat' dir='ltr'><strong>et</strong></span> <span class='ocrx_word' id='word_1_236' title='bbox 1149 1802 1312 1844; x_wconf 82' lang='lat' dir='ltr'><strong>multas</strong></span> <span class='ocrx_word' id='word_1_237' title='bbox 1335 1802 1444 1844; x_wconf 81' lang='lat' dir='ltr'><strong>alias</strong></span> <span class='ocrx_word' id='word_1_238' title='bbox 1467 1803 1752 1857; x_wconf 88' lang='lat' dir='ltr'><strong>egritudines.</strong></span> 
     </span>
    </p>
   </div>
   <div class='ocr_carea' id='block_1_21' title="bbox 386 1905 1675 1960">
    <p class='ocr_par' dir='ltr' id='par_1_23' title="bbox 386 1905 1675 1960">
     <span class='ocr_line' id='line_1_40' title="bbox 386 1905 1675 1960; baseline -0.001 -12"><span class='ocrx_word' id='word_1_239' title='bbox 386 1905 636 1960; x_wconf 75' lang='lat' dir='ltr'><strong>Capitulum</strong></span> <span class='ocrx_word' id='word_1_240' title='bbox 660 1919 740 1959; x_wconf 82' lang='lat'>.17.</span> <span class='ocrx_word' id='word_1_241' title='bbox 762 1906 814 1948; x_wconf 81' lang='lat' dir='ltr'><strong>de</strong></span> <span class='ocrx_word' id='word_1_242' title='bbox 838 1907 969 1949; x_wconf 80' lang='lat' dir='ltr'><strong>malis</strong></span> <span class='ocrx_word' id='word_1_243' title='bbox 992 1907 1210 1949; x_wconf 71' lang='lat' dir='ltr'><strong>oculorum</strong></span> <span class='ocrx_word' id='word_1_244' title='bbox 1236 1913 1278 1948; x_wconf 68' lang='lat' dir='ltr'><strong>et</strong></span> <span class='ocrx_word' id='word_1_245' title='bbox 1298 1921 1446 1947; x_wconf 70' lang='lat' dir='ltr'><strong>eornm</strong></span> <span class='ocrx_word' id='word_1_246' title='bbox 1470 1907 1675 1949; x_wconf 72' lang='lat' dir='ltr'><strong>remedia.</strong></span> 
     </span>
    </p>
   </div>
   <div class='ocr_carea' id='block_1_22' title="bbox 322 1992 1872 2190">
    <p class='ocr_par' dir='ltr' id='par_1_24' title="bbox 322 1992 1872 2190">
     <span class='ocr_line' id='line_1_41' title="bbox 451 1992 1872 2050; baseline 0.003 -16"><span class='ocrx_word' id='word_1_247' title='bbox 451 1992 549 2035; x_wconf 90' lang='lat' dir='ltr'><strong>Culi</strong></span> <span class='ocrx_word' id='word_1_248' title='bbox 580 2001 679 2035; x_wconf 88' lang='lat' dir='ltr'><strong>sunt</strong></span> <span class='ocrx_word' id='word_1_249' title='bbox 702 1995 837 2036; x_wconf 89' lang='lat' dir='ltr'><strong>tercia</strong></span> <span class='ocrx_word' id='word_1_250' title='bbox 868 2009 969 2049; x_wconf 84' lang='lat' dir='ltr'><strong>pars</strong></span> <span class='ocrx_word' id='word_1_251' title='bbox 993 1996 1199 2048; x_wconf 89' lang='lat' dir='ltr'><strong>corporis.</strong></span> <span class='ocrx_word' id='word_1_252' title='bbox 1263 1994 1452 2049; x_wconf 85' lang='lat' dir='ltr'><strong>Oportet</strong></span> <span class='ocrx_word' id='word_1_253' title='bbox 1486 2001 1635 2036; x_wconf 85' lang='lat' dir='ltr'><strong>autem</strong></span> <span class='ocrx_word' id='word_1_254' title='bbox 1669 1996 1811 2050; x_wconf 88' lang='lat' dir='ltr'><strong>ipsum</strong></span> <span class='ocrx_word' id='word_1_255' title='bbox 1834 2007 1872 2042; x_wconf 83' lang='lat'><strong>25</strong></span> 
     </span>
     <span class='ocr_line' id='line_1_42' title="bbox 448 2056 1813 2118; baseline 0.003 -14"><span class='ocrx_word' id='word_1_256' title='bbox 448 2064 524 2117; x_wconf 87' lang='lat' dir='ltr'><strong>qui</strong></span> <span class='ocrx_word' id='word_1_257' title='bbox 560 2056 734 2107; x_wconf 76' lang='lat' dir='ltr'><strong>laborat</strong></span> <span class='ocrx_word' id='word_1_258' title='bbox 769 2065 812 2105; x_wconf 92' lang='lat' dir='ltr'><strong>in</strong></span> <span class='ocrx_word' id='word_1_259' title='bbox 840 2063 844 2118; x_wconf 81' lang='lat'>1</span> <span class='ocrx_word' id='word_1_260' title='bbox 874 2066 1176 2106; x_wconf 86' lang='lat' dir='ltr'><strong>conservando</strong></span> <span class='ocrx_word' id='word_1_261' title='bbox 1207 2058 1469 2115; x_wconf 86' lang='lat' dir='ltr'><strong>sanitatem</strong></span> <span class='ocrx_word' id='word_1_262' title='bbox 1487 2065 1732 2118; x_wconf 90' lang='lat' dir='ltr'><strong>oculorum,</strong></span> <span class='ocrx_word' id='word_1_263' title='bbox 1765 2074 1813 2108; x_wconf 93' lang='lat' dir='ltr'><strong>ut</strong></span> 
     </span>
     <span class='ocr_line' id='line_1_43' title="bbox 322 2106 1814 2190; baseline 0.002 -16"><span class='ocrx_word' id='word_1_264' title='bbox 322 2138 499 2175; x_wconf 87' lang='lat' dir='ltr'><strong>tueatur</strong></span> <span class='ocrx_word' id='word_1_265' title='bbox 520 2148 596 2175; x_wconf 89' lang='lat' dir='ltr'><strong>eos</strong></span> <span class='ocrx_word' id='word_1_266' title='bbox 614 2148 639 2174; x_wconf 89' lang='lat' dir='ltr'><strong>a</strong></span> <span class='ocrx_word' id='word_1_267' title='bbox 662 2134 855 2187; x_wconf 87' lang='lat' dir='ltr'><strong>pulver‚e</strong></span> <span class='ocrx_word' id='word_1_268' title='bbox 876 2135 1010 2185; x_wconf 86' lang='lat' dir='ltr'><strong>fumo,</strong></span> <span class='ocrx_word' id='word_1_269' title='bbox 1033 2133 1238 2176; x_wconf 72' lang='lat' dir='ltr'><strong>aeribus-³</strong></span> <span class='ocrx_word' id='word_1_270' title='bbox 1260 2106 1588 2189; x_wconf 86' lang='lat' dir='ltr'><strong>egredientibus</strong></span> <span class='ocrx_word' id='word_1_271' title='bbox 1606 2136 1663 2177; x_wconf 84' lang='lat' dir='ltr'><strong>ab</strong></span> <span class='ocrx_word' id='word_1_272' title='bbox 1681 2149 1814 2190; x_wconf 84' lang='lat' dir='ltr'><strong>equa—</strong></span> 
     </span>
    </p>
   </div>
   <div class='ocr_carea' id='block_1_23' title="bbox 377 2217 1813 2293">
    <p class='ocr_par' dir='ltr' id='par_1_25' title="bbox 377 2217 1813 2293">
     <span class='ocr_line' id='line_1_44' title="bbox 377 2217 1813 2293; baseline 0.002 -11"><span class='ocrx_word' id='word_1_273' title='bbox 377 2244 386 2264; x_wconf 84' lang='lat'><em>¹</em></span> <span class='ocrx_word' id='word_1_274' title='bbox 419 2258 569 2284; x_wconf 85' lang='lat' dir='ltr'><strong>nomen</strong></span> <span class='ocrx_word' id='word_1_275' title='bbox 607 2217 812 2284; x_wconf 79' lang='lat' dir='ltr'><strong>arabicum</strong></span> <span class='ocrx_word' id='word_1_276' title='bbox 845 2245 1014 2283; x_wconf 87' lang='lat' dir='ltr'><strong>dubium</strong></span> <span class='ocrx_word' id='word_1_277' title='bbox 1048 2244 1146 2282; x_wconf 89' lang='lat' dir='ltr'><strong>mihi</strong></span> <span class='ocrx_word' id='word_1_278' title='bbox 1186 2252 1244 2282; x_wconf 90' lang='lat' dir='ltr'><strong>est</strong></span> <span class='ocrx_word' id='word_1_279' title='bbox 1279 2245 1394 2283; x_wconf 85' lang='lat' dir='ltr'><strong>valde</strong></span> <span class='ocrx_word' id='word_1_280' title='bbox 1428 2246 1490 2283; x_wconf 80' lang='lat' dir='ltr'><strong>vel</strong></span> <span class='ocrx_word' id='word_1_281' title='bbox 1528 2245 1683 2293; x_wconf 85' lang='lat' dir='ltr'><strong>falsum,</strong></span> <span class='ocrx_word' id='word_1_282' title='bbox 1720 2245 1813 2285; x_wconf 90' lang='lat' dir='ltr'><strong>ideo</strong></span> 
     </span>
    </p>
   </div>
   <div class='ocr_carea' id='block_1_24' title="bbox 323 2279 1908 2557">
    <p class='ocr_par' dir='ltr' id='par_1_26' title="bbox 323 2279 1908 2515">
     <span class='ocr_line' id='line_1_45' title="bbox 323 2279 1908 2350; baseline 0.001 -13"><span class='ocrx_word' id='word_1_283' title='bbox 323 2308 510 2348; x_wconf 77' lang='lat' dir='ltr'><strong>queratur</strong></span> <span class='ocrx_word' id='word_1_284' title='bbox 532 2299 572 2337; x_wconf 91' lang='lat' dir='ltr'><strong>in</strong></span> <span class='ocrx_word' id='word_1_285' title='bbox 592 2299 678 2338; x_wconf 83' lang='lat' dir='ltr'><strong>aliis</strong></span> <span class='ocrx_word' id='word_1_286' title='bbox 700 2299 992 2350; x_wconf 80' lang='lat' dir='ltr'><strong>exemplaribus</strong></span> <span class='ocrx_word' id='word_1_287' title='bbox 1014 2301 1074 2338; x_wconf 88' lang='grc'><strong>161</strong></span> <span class='ocrx_word' id='word_1_288' title='bbox 1095 2313 1117 2337; x_wconf 85' lang='lat' dir='ltr'><strong>a</strong></span> <span class='ocrx_word' id='word_1_289' title='bbox 1140 2299 1305 2338; x_wconf 85' lang='lat' dir='ltr'><strong>medicis</strong></span> <span class='ocrx_word' id='word_1_290' title='bbox 1328 2306 1366 2338; x_wconf 88' lang='lat' dir='ltr'><strong>et</strong></span> <span class='ocrx_word' id='word_1_291' title='bbox 1387 2299 1663 2350; x_wconf 84' lang='lat' dir='ltr'><strong>apothecariis.</strong></span> <span class='ocrx_word' id='word_1_292' title='bbox 1906 2279 1908 2330; x_wconf 67' lang='grc'><strong>1</strong></span> 
     </span>
     <span class='ocr_line' id='line_1_46' title="bbox 371 2353 1905 2404; baseline -0.001 -10.999"><span class='ocrx_word' id='word_1_293' title='bbox 371 2354 384 2373; x_wconf 72' lang='lat'><strong>²</strong></span> <span class='ocrx_word' id='word_1_294' title='bbox 413 2354 583 2393; x_wconf 85' lang='lat' dir='ltr'><strong>dubium</strong></span> <span class='ocrx_word' id='word_1_295' title='bbox 605 2355 666 2393; x_wconf 89' lang='grc'><strong>161</strong></span> <span class='ocrx_word' id='word_1_296' title='bbox 687 2355 842 2402; x_wconf 87' lang='lat' dir='ltr'><strong>falsum,</strong></span> <span class='ocrx_word' id='word_1_297' title='bbox 866 2354 958 2393; x_wconf 90' lang='lat' dir='ltr'><strong>ideo</strong></span> <span class='ocrx_word' id='word_1_298' title='bbox 979 2361 1166 2404; x_wconf 85' lang='lat' dir='ltr'><strong>queratur</strong></span> <span class='ocrx_word' id='word_1_299' title='bbox 1186 2367 1208 2392; x_wconf 90' lang='lat' dir='ltr'><strong>a</strong></span> <span class='ocrx_word' id='word_1_300' title='bbox 1229 2353 1475 2404; x_wconf 79' lang='lat' dir='ltr'><strong>sapientibus</strong></span> <span class='ocrx_word' id='word_1_301' title='bbox 1496 2362 1534 2393; x_wconf 90' lang='lat' dir='ltr'><strong>et</strong></span> <span class='ocrx_word' id='word_1_302' title='bbox 1555 2354 1640 2394; x_wconf 82' lang='lat' dir='ltr'><strong>aliis</strong></span> <span class='ocrx_word' id='word_1_303' title='bbox 1662 2354 1782 2394; x_wconf 86' lang='lat' dir='ltr'><strong>libris</strong></span> <span class='ocrx_word' id='word_1_304' title='bbox 1831 2368 1872 2402; x_wconf 81' lang='lat'><strong>30</strong></span> <span class='ocrx_word' id='word_1_305' title='bbox 1904 2399 1905 2402; x_wconf 11' lang='grc' dir='ltr'><strong>Ἴ</strong></span> 
     </span>
     <span class='ocr_line' id='line_1_47' title="bbox 422 2407 1908 2460; baseline -0.001 -13.031"><span class='ocrx_word' id='word_1_306' title='bbox 422 2422 571 2448; x_wconf 87' lang='lat' dir='ltr'><strong>nomen</strong></span> <span class='ocrx_word' id='word_1_307' title='bbox 591 2409 808 2456; x_wconf 78' lang='lat' dir='ltr'><strong>arabicum,</strong></span> <span class='ocrx_word' id='word_1_308' title='bbox 831 2410 893 2448; x_wconf 94' lang='grc'><strong>161</strong></span> <span class='ocrx_word' id='word_1_309' title='bbox 914 2409 1053 2460; x_wconf 86' lang='lat' dir='ltr'><strong>pocius</strong></span> <span class='ocrx_word' id='word_1_310' title='bbox 1074 2417 1317 2459; x_wconf 85' lang='lat' dir='ltr'><strong>corruptum.</strong></span> <span class='ocrx_word' id='word_1_311' title='bbox 1905 2407 1908 2409; x_wconf 68' lang='grc'><strong>’</strong></span> 
     </span>
     <span class='ocr_line' id='line_1_48' title="bbox 379 2463 1813 2515; baseline 0.003 -14"><span class='ocrx_word' id='word_1_312' title='bbox 379 2465 391 2484; x_wconf 82' lang='lat'><strong>⁴</strong></span> <span class='ocrx_word' id='word_1_313' title='bbox 421 2477 570 2503; x_wconf 85' lang='lat' dir='ltr'><strong>nomen</strong></span> <span class='ocrx_word' id='word_1_314' title='bbox 600 2464 805 2503; x_wconf 83' lang='lat' dir='ltr'><strong>arabicum</strong></span> <span class='ocrx_word' id='word_1_315' title='bbox 837 2471 1079 2514; x_wconf 88' lang='lat' dir='ltr'><strong>corruptum,</strong></span> <span class='ocrx_word' id='word_1_316' title='bbox 1113 2464 1204 2502; x_wconf 91' lang='lat' dir='ltr'><strong>ideo</strong></span> <span class='ocrx_word' id='word_1_317' title='bbox 1235 2471 1421 2514; x_wconf 82' lang='lat' dir='ltr'><strong>queratur</strong></span> <span class='ocrx_word' id='word_1_318' title='bbox 1449 2477 1471 2502; x_wconf 88' lang='lat' dir='ltr'><strong>a</strong></span> <span class='ocrx_word' id='word_1_319' title='bbox 1501 2463 1747 2515; x_wconf 83' lang='lat' dir='ltr'><strong>sapientibus</strong></span> <span class='ocrx_word' id='word_1_320' title='bbox 1775 2472 1813 2505; x_wconf 89' lang='lat' dir='ltr'><strong>et</strong></span> 
     </span>
    </p>

    <p class='ocr_par' dir='ltr' id='par_1_27' title="bbox 324 2517 444 2557">
     <span class='ocr_line' id='line_1_49' title="bbox 324 2517 444 2557; baseline 0.009 -1"><span class='ocrx_word' id='word_1_321' title='bbox 324 2517 444 2557; x_wconf 84' lang='lat' dir='ltr'><strong>libris.</strong></span> 
     </span>
    </p>
   </div>
   <div class='ocr_carea' id='block_1_25' title="bbox 372 2573 1447 2712">
    <p class='ocr_par' dir='ltr' id='par_1_28' title="bbox 372 2573 1447 2712">
     <span class='ocr_line' id='line_1_50' title="bbox 379 2573 1447 2624; baseline 0.001 -13"><span class='ocrx_word' id='word_1_322' title='bbox 379 2574 391 2594; x_wconf 83' lang='lat'>⁵</span> <span class='ocrx_word' id='word_1_323' title='bbox 422 2575 493 2619; x_wconf 89' lang='lat' dir='ltr'><strong>vel,</strong></span> <span class='ocrx_word' id='word_1_324' title='bbox 517 2574 685 2620; x_wconf 88' lang='lat' dir='ltr'><strong>acribus,</strong></span> <span class='ocrx_word' id='word_1_325' title='bbox 709 2580 752 2612; x_wconf 90' lang='lat' dir='ltr'><strong>ut</strong></span> <span class='ocrx_word' id='word_1_326' title='bbox 773 2573 824 2613; x_wconf 81' lang='lat' dir='ltr'><strong>ab</strong></span> <span class='ocrx_word' id='word_1_327' title='bbox 841 2575 934 2613; x_wconf 82' lang='lat' dir='ltr'><strong>allio</strong></span> <span class='ocrx_word' id='word_1_328' title='bbox 956 2581 995 2613; x_wconf 90' lang='lat' dir='ltr'><strong>et</strong></span> <span class='ocrx_word' id='word_1_329' title='bbox 1016 2573 1248 2624; x_wconf 80' lang='lat' dir='ltr'><strong>hujusmodi</strong></span> <span class='ocrx_word' id='word_1_330' title='bbox 1270 2581 1309 2612; x_wconf 91' lang='lat' dir='ltr'><strong>et</strong></span> <span class='ocrx_word' id='word_1_331' title='bbox 1329 2574 1447 2623; x_wconf 87' lang='lat' dir='ltr'><strong>cepis.</strong></span> 
     </span>
     <span class='ocr_line' id='line_1_51' title="bbox 372 2672 694 2712; baseline 0 -11"><span class='ocrx_word' id='word_1_332' title='bbox 372 2683 405 2703; x_wconf 83' lang='lat'><strong>11</strong></span> <span class='ocrx_word' id='word_1_333' title='bbox 434 2673 587 2712; x_wconf 79' lang='lat' dir='ltr'><strong>Chapter</strong></span> <span class='ocrx_word' id='word_1_334' title='bbox 602 2672 637 2705; x_wconf 89' lang='grc'><strong>11.</strong></span> <span class='ocrx_word' id='word_1_335' title='bbox 659 2672 694 2702; x_wconf 90' lang='lat' dir='ltr'><strong>V.</strong></span> 
     </span>
    </p>
   </div>
   <div class='ocr_carea' id='block_1_26' title="bbox 369 2761 676 2802">
    <p class='ocr_par' dir='ltr' id='par_1_29' title="bbox 369 2761 676 2802">
     <span class='ocr_line' id='line_1_52' title="bbox 369 2761 676 2802; baseline 0 -9"><span class='ocrx_word' id='word_1_336' title='bbox 369 2773 409 2800; x_wconf 74' lang='lat'><strong>24</strong></span> <span class='ocrx_word' id='word_1_337' title='bbox 435 2761 516 2802; x_wconf 69' lang='lat'>.17.]</span> <span class='ocrx_word' id='word_1_338' title='bbox 546 2763 584 2792; x_wconf 88' lang='lat'><strong>16</strong></span> <span class='ocrx_word' id='word_1_339' title='bbox 601 2761 676 2793; x_wconf 83' lang='lat' dir='ltr'><strong>MS.</strong></span> 
     </span>
    </p>
   </div>
   <div class='ocr_carea' id='block_1_27' title="bbox 1887 2513 1908 3126">
    <p class='ocr_par' dir='ltr' id='par_1_30' title="bbox 1887 2513 1908 3126">
     <span class='ocr_line' id='line_1_53' title="bbox 1887 2513 1908 3126; baseline 0 0"><span class='ocrx_word' id='word_1_340' title='bbox 1887 2513 1908 3126; x_wconf 95' lang='lat' dir='ltr'><strong> </strong></span> 
     </span>
    </p>
   </div>
  </div>
 </body>
</html>
