1908 3126
757 87 839 130 109

72 193 189 246 quod
213 192 268 232 sit
292 192 332 232 in
359 191 494 233 Libra
516 191 584 233 vel
613 188 655 232 in
685 190 936 244 Scorpione,
960 197 1003 232 et
1033 204 1133 233 curn
1164 191 1318 232 nocive
1348 190 1474 231 stelle
1508 190 1549 230 in

72 275 169 303 eam
192 274 277 301 non
302 261 548 315 respiciunt.
611 260 672 301 Et
694 266 800 302 tunc
823 265 888 301 est
922 260 1050 301 Luna
1073 260 1276 311 deterior,
1298 273 1397 301 cum
1423 259 1550 300 fuerit

74 331 115 372 in
135 330 326 371 secunda
350 330 586 372 medietate
610 330 798 384 reproba
820 329 887 370 vel
912 328 1098 371 nociva.1

134 399 182 439 In
229 399 528 440 diminucione
574 412 680 440 vero
726 399 961 452 sanguinis,
1007 412 1094 440 non
1143 413 1221 453 per
1265 399 1548 453 apercionem
1568 413 1766 453 rhenum-for
1808 419 1816 428 ·

73 481 279 509 venarum
294 474 360 508 set
376 482 454 522 per
467 467 836 510 scarificacionem
855 469 1063 515 carnium,
1078 470 1349 522 operandum
1367 474 1433 510 est
1448 482 1548 509 cum
1567 449 1763 475 *carmenum

72 537 197 579 fuerit
214 537 340 578 Luna
357 538 612 579 decrescens
631 538 673 578 in
691 538 857 578 lumine
875 545 918 579 et
941 551 1027 579 non
1044 538 1059 560 2
1083 538 1315 591 respiciant
1333 539 1389 580 ad
1408 539 1548 592 ipsam

71 606 195 649 stelle
232 606 420 657 nocive,3
452 613 518 648 set
552 606 648 648 est4
680 607 888 661 opposita
926 606 1052 648 stelle
1089 607 1322 658 Mercurio,
1355 614 1399 649 et
1432 608 1550 661 quod
1571 617 1633 643 The
1647 615 1765 649 planets·

73 676 200 717 Luna
230 676 286 716 sit
319 689 417 717 cum
440 676 625 728 Venere,
647 677 714 718 vel
748 677 955 731 respiciat
989 678 1128 730 ipsam
1151 677 1301 718 Venus
1330 677 1399 718 vel
1434 677 1552 718 Mer-

71 745 225 787 curius.
281 744 394 786 Cum
417 758 520 786 vero
543 746 672 788 Luna
693 747 819 789 fuerit
843 747 885 787 in
910 746 1248 788 constellacione
1272 747 1550 797 ascendente,

17 836 55 860 10
71 822 174 856 tunc
195 813 329 856 habet
351 815 597 856 dominium
622 823 665 858 et
689 817 941 871 potenciam
966 817 1008 857 in
1031 816 1191 870 opere.⁵

132 882 244 926 Cum
283 883 473 926 volueris
519 899 690 926 sumere
735 886 998 927 medicinam
1043 885 1299 936 laxativam,
1338 886 1550 927 consistat
1570 890 1610 930 85
1629 900 1657 920 a.

73 954 200 995 Luna
224 953 265 994 in
289 952 530 1008 Scorpione
552 955 621 995 vel
645 955 687 995 in
717 955 854 996 Libra
877 955 943 996 vel
972 957 1013 996 in
1039 956 1172 1007 Pisce,
1196 963 1263 998 set
1291 969 1474 1010 precave
1496 957 1551 997 de
1568 944 1708 1006 ζῖῇξῗῑινθ
1723 943 1805 970 medi·

72 1024 507 1078 appropinquacione
536 1024 662 1066 Lune
691 1026 746 1066 ad
777 1025 1031 1076 Saturnum,
1054 1026 1157 1079 quia
1187 1032 1289 1067 tunc
1319 1026 1423 1067 facit
1450 1040 1550 1068 con·
1569 1022 1832 1051 C⁰¹¹⁵te¹¹³ti0¹³⁵t0

1569 1057 1664 1084 avoid.

70 1093 216 1148 gelare
238 1093 444 1135 humores
466 1102 507 1135 et
533 1095 796 1136 medicinam
820 1095 862 1135 in
886 1109 1080 1148 corpore.
1136 1096 1195 1136 Et
1220 1101 1387 1149 quanto
1412 1095 1551 1150 magis
1572 1103 1749 1129 Favourable

16 1185 52 1217 15
71 1163 303 1215 elongatur
327 1162 455 1204 Luna
479 1177 503 1204 a
529 1163 736 1215 Saturno,
758 1171 884 1206 tanto
917 1165 1072 1206 melior
1098 1172 1178 1217 est,
1200 1179 1278 1206 nec
1308 1173 1374 1208 est
1396 1166 1553 1208 timen-
1570 1137 1790 1169 comtellauo'ns'

125 1277 137 1299 ¹
167 1285 205 1317 et
227 1279 304 1316 hoc
325 1278 367 1316 fit
389 1290 479 1316 curn
502 1278 616 1317 fuerit
638 1279 676 1316 in
707 1277 977 1329 disposicione
998 1279 1194 1317 contraria
1215 1279 1391 1329 predicte
1412 1280 1554 1331 triplici

71 1331 342 1382 disposicioni.

125 1386 138 1408 ²
167 1386 290 1433 aliter,
310 1386 396 1425 nisi.

125 1442 139 1463 ⁸
167 1450 210 1480 ut
232 1443 341 1481 Mars
362 1449 400 1480 et
422 1443 625 1481 Saturnus.

14 1514 28 1536 2
140 1498 144 1506 '
167 1495 288 1543 aliter,
312 1504 361 1536 et.

125 1552 137 1571 ⁵
167 1552 397 1591 Secundum
429 1552 711 1590 Ptholomeum
742 1551 783 1589 in
814 1552 1036 1601 Centilogzb,
1061 1551 1236 1590 minucio
1267 1565 1335 1601 per
1364 1553 1556 1592 fleoboto-
1574 1563 1725 1596 Ptolem-'s
1738 1564 1841 1591 advice

72 1605 192 1645 miani
231 1606 353 1645 debet
392 1607 474 1644 fie‘ri
512 1605 553 1643 in
591 1605 719 1656 prima
756 1605 978 1656 septimana
1018 1608 1143 1652 Lune,
1175 1607 1268 1656 quia
1297 1615 1392 1646 tunc
1426 1608 1555 1647 fluunt
1571 1598 1613 1625 for
1627 1598 1832 1632 ph¹eb⁰t⁰my²

72 1661 259 1700 humores
279 1661 330 1700 ab
351 1659 603 1699 interioribus
624 1661 676 1699 ad
697 1662 886 1700 exteriora
907 1660 1008 1699 sicut
1030 1661 1194 1699 flumina
1220 1674 1243 1699 a
1264 1661 1371 1710 mari,
1395 1670 1556 1713 propter

72 1716 182 1765 quod
203 1724 359 1766 oportet
380 1716 491 1766 quod
511 1715 699 1766 purgacio
720 1716 788 1754 fiat
803 1716 986 1763 exterius,
1001 1723 1039 1754 et
1055 1717 1134 1754 hoc
1153 1729 1222 1766 per
1238 1717 1552 1757 fleobotomiam.

17 1783 54 1816 ²5
71 1769 258 1809 Similiter
279 1770 318 1808 in
340 1769 461 1809 tercia
480 1769 703 1820 septimana
722 1784 745 1808 a
765 1770 985 1821 plenilunio
1005 1783 1075 1821 per
1095 1778 1249 1821 septem
1270 1771 1366 1810 dies.
1426 1773 1493 1810 Set
1514 1771 1554 1810 in

73 1826 249 1863 secunda
269 1824 490 1875 septimana
511 1832 550 1863 et
570 1825 611 1862 in
632 1832 771 1875 quarta
792 1826 979 1863 humores
1001 1826 1130 1863 fluunt
1149 1825 1201 1863 ab
1223 1825 1482 1865 exterioribus
1503 1828 1554 1865 ad

72 1879 256 1918 interiora
276 1879 378 1918 sicut
398 1878 562 1917 flumina
583 1880 635 1917 ad
656 1893 775 1927 mare,
799 1887 837 1918 et
857 1887 953 1918 tunc
974 1887 1131 1929 oportet
1151 1881 1262 1930 quod
1282 1880 1554 1931 purgatorium

73 1941 253 1984 penetret
273 1933 468 1981 interiora,
492 1941 531 1972 et
551 1934 629 1972 hoc
650 1943 708 1973 est
730 1933 930 1973 medicina
950 1933 1154 1985 purgativa
1175 1934 1255 1973 sive
1276 1935 1455 1983 laxativa,
1478 1943 1553 1974 etc.

73 1989 297 2027 Decrescens
316 1989 358 2026 in
379 1989 536 2036 lumine,
552 1995 639 2036 etc.‚
659 1988 754 2039 quia
773 1990 813 2027 in
834 1988 936 2027 libro
952 1990 1097 2028 [Vovem
1108 1989 1289 2038 judicum
1310 1991 1555 2028 Astronomie

17 2065 57 2097 30
74 2042 151 2081 hoc
171 2043 348 2090 docetur,
373 2051 411 2081 et
431 2042 620 2093 precipue
642 2042 681 2081 in
703 2050 842 2094 quarta
863 2043 1085 2093 septimana
1105 2043 1199 2093 quia
1219 2043 1377 2094 sanguis
1399 2043 1464 2083 ille
1485 2044 1553 2095 qui
1569 2055 1757 2083 scarification
1773 2055 1799 2082 m

74 2097 500 2147 per-scarificacionem
517 2097 686 2136 habetur
702 2105 760 2136 est
781 2098 1077 2137 intercutaneus
1095 2106 1133 2137 et
1149 2111 1335 2148 aquosus,
1354 2106 1392 2137 et
1414 2107 1553 2149 quarta
1570 2090 1814 2151 ξξξὲζᾮξξῇἷω

73 2151 295 2202 septimana
315 2159 374 2190 est
403 2165 564 2202 aquosa,
588 2152 682 2202 quia
701 2152 842 2203 frigida
871 2160 909 2191 et
931 2153 1104 2200 humida,
1129 2152 1230 2191 sicut
1260 2153 1378 2192 docet
1407 2153 1555 2192 Aristo-
1768 2145 1774 2155 ’

74 2204 160 2244 tiles
195 2207 374 2246 secundo
405 2207 681 2245 posteriorum.
742 2208 866 2257 Quod
905 2206 1012 2246 enim
1052 2208 1205 2246 dictum
1244 2215 1303 2246 est
1343 2209 1393 2247 de
1428 2209 1554 2259 prima

74 2260 297 2311 septimana
317 2262 464 2300 mensis
481 2262 628 2300 lunaris
645 2269 683 2300 et
699 2263 820 2301 tercia
836 2263 1058 2301 secundum
1086 2260 1091 2314 Ι
1119 2263 1400 2301 Ptholomeum
1416 2262 1556 2302 intelli·
1571 2276 1610 2315 85
1630 2285 1659 2307 a.

20 2334 57 2368 35
73 2315 174 2365 gitur
204 2316 255 2355 de
295 2315 537 2364 flebotomia‚
569 2317 663 2367 quia
695 2316 854 2367 sanguis
894 2316 962 2367 qui
996 2330 1066 2367 per
1094 2317 1198 2356 hanc
1229 2325 1417 2368 purgatur
1447 2317 1555 2356 venit

74 2368 126 2408 ab
164 2369 417 2410 interioribus
457 2378 496 2409 et
533 2384 616 2409 non
655 2379 714 2409 est
752 2371 1059 2418 intercutaneus,
1096 2379 1155 2410 set
1194 2371 1354 2422 sanguis
1389 2371 1457 2423 qui
1496 2379 1555 2411 est
1571 2385 1802 2412 immutamus

74 2425 303 2475 purgandus
323 2423 393 2475 per
423 2425 759 2465 scarificacionem
781 2433 853 2483 est·
869 2425 1166 2466 intercutaneus
1188 2434 1226 2465 et
1252 2426 1344 2466 ideo
1368 2434 1556 2477 purgatur
1571 2420 1665 2447 Νοθά-

76 2479 116 2516 in
145 2486 283 2529 quarta
303 2479 526 2530 septimana
554 2488 716 2531 propter
738 2493 898 2519 causam
926 2480 1086 2520 dictam.
1148 2481 1368 2521 Consimile
1389 2482 1556 2521 omnino

76 2540 135 2571 est
155 2534 207 2573 de
227 2534 467 2585 purgacione
489 2548 558 2585 per
578 2542 786 2574 ventosam
807 2534 900 2586 quia
922 2536 1217 2574 intercutaneus
1239 2544 1309 2575 est.

124 2653 159 2675 ιι
187 2645 341 2685 Chapter
358 2645 474 2675 lxxvii.
499 2644 535 2675 V.
805 2655 848 2685 29
874 2655 904 2685 p.
926 2646 979 2684 28,
999 2646 1050 2676 ed.
1074 2655 1166 2686 1509.

62 2707 76 2754 ψ·
126 2741 164 2771 15
189 2732 387 2774 elongatur]
405 2732 610 2773 elongantur
627 2733 701 2766 MS.
