1908 3126
773 101 853 141 129

72 204 244 253 scilicet,
268 211 368 258 post
394 216 528 257 quam
553 209 619 244 est
648 217 774 258 spera
799 203 935 256 Jovis,
957 209 1001 244 et
1031 210 1130 257 post
1161 217 1288 257 spera
1318 202 1486 252 Martis,
1509 209 1554 244 et

73 280 172 328 post
212 287 340 327 spera
383 271 509 321 Solis,
553 278 597 313 et
646 279 745 325 post
787 286 915 326 spera
956 272 1155 325 Veneris,
1197 278 1241 313 et
1284 278 1386 326 post
1427 284 1554 325 spera

75 343 293 391 Mercurii,
309 348 353 383 et
375 348 476 396 post
498 355 626 396 spera
641 342 779 392 Lune,
796 342 905 383 infra
919 356 1051 396 quam
1076 347 1142 383 est
1163 355 1291 396 spera
1312 340 1551 382 elemento-

73 425 168 454 rum
192 425 277 466 que
298 419 400 453 sunt
417 412 539 465 ignis,
554 425 638 463 aer,
656 425 782 466 aqua,
799 420 926 454 terra.
976 412 1098 467 Ergo
1119 419 1236 453 terra
1253 418 1320 453 est
1342 411 1384 451 in
1410 411 1555 453 medio
1573 426 1635 451 'she
1649 426 1728 464 ‹qm-th
1744 425 1765 451 is
1780 425 1806 451 m

38 495 55 529 5
73 482 389 524 elementorum
412 481 623 530 omnium,
639 488 682 522 θῖ
697 487 763 522 θεῖ
781 482 956 523 densior
969 482 1222 523 substancia
1237 481 1351 522 inter
1368 494 1555 535 corpora
1574 460 1621 485 ‘he
1635 460 1728 485 'ww'

73 558 117 594 et
137 551 314 605 spissior
338 550 644 592 essencialiter.

133 620 192 663 Et
233 627 470 675 postquam
508 620 711 662 ordinate
760 621 933 662 fuerunt
974 621 1054 662 hec
1097 635 1233 675 spere,
1277 621 1470 674 quedam
1513 620 1555 660 in
1574 632 1764 671 Thespheges

75 690 338 748 quibusdam
373 690 415 731 in
449 703 496 730 se
530 690 645 743 ipsis,
673 690 786 731 sicut
815 690 984 731 dictum
1017 697 1094 740 est,
1124 690 1256 743 juxta
1288 688 1556 743 sapienciam
1577 666 1817 694 movemffldes'

76 768 119 802 et
159 759 499 813 disposicionem
543 759 755 813 simplicis
805 759 1121 802 Gloriosissimi
1173 760 1215 800 in
1265 758 1558 813 disposicione

23 849 59 872 ιο
77 829 262 872 mirabili
307 836 351 870 et
392 829 687 884 pulcritudine
733 829 1071 880 ordinatissima,
1114 836 1234 871 mote
1284 836 1388 870 sunt
1433 843 1558 883 spere

76 899 340 942 circulariter
368 898 372 953 Ι
400 899 443 939 in
465 899 553 940 suis
583 899 795 953 partibus,
819 906 862 940 et
892 898 1081 954 planetis
1109 913 1240 952 super
1265 898 1481 940 elementa
1503 911 1556 947 .4.
1577 905 1617 945 98
1637 914 1666 933 a.

77 977 120 1011 et
151 969 553 1011 viciscitudinaliter
583 982 712 1022 super
744 982 807 1017 ea,
840 976 884 1010 et
916 967 1032 1010 facta
1064 975 1168 1010 sunt
1199 981 1292 1009 nox
1321 975 1364 1008 et
1388 967 1492 1018 dies,
1515 974 1560 1008 θῖ
1579 977 1789 1009 makingtimffi

77 1039 268 1093 hyemps
309 1045 353 1080 et
395 1045 527 1090 estas,
564 1044 607 1080 et
642 1045 760 1080 estus
804 1045 847 1079 et
885 1037 1034 1091 frigus,
1069 1045 1114 1080 et
1151 1036 1425 1079 commixta1
1461 1043 1562 1077 sunt
1578 1013 1773 1083 Ξζῖἓζῗῗῖζῖᾷ

78 1109 268 1163 quedam
304 1108 346 1149 in
379 1108 658 1162 quibusdam,
692 1115 736 1150 et
773 1113 1155 1161 contemperatum
1187 1114 1252 1148 est
1283 1120 1429 1148 rarum
1459 1120 1558 1148 cum
1581 1092 1676 1125 pffi'ed'

24 1195 60 1228 15
78 1177 249 1229 ἀθηεο,2
282 1185 326 1219 θῖ
357 1178 478 1232 quod
508 1178 552 1219 in
586 1178 646 1219 eis
680 1184 774 1220 erat
806 1178 1105 1232 ponderosum
1138 1190 1239 1218 curn
1266 1190 1320 1217 eo
1348 1177 1469 1230 quod
1496 1183 1564 1217 est

79 1249 187 1300 leve,
220 1255 264 1290 et
295 1247 488 1289 calidum
518 1262 615 1290 cum
646 1248 817 1303 frigido,
851 1254 895 1289 et
926 1247 1158 1288 humidum
1188 1260 1287 1289 cum
1315 1247 1443 1288 sicco.
1505 1245 1563 1286 Et
1581 1248 1826 1317 ffiggnssfflnsslrss

79 1326 183 1361 tunc
229 1318 477 1372 composite
519 1324 621 1359 sunt
667 1332 725 1359 ex
773 1318 835 1359 eis
889 1332 946 1358 ex
991 1317 1267 1371 longitudine
1309 1323 1562 1370 temporum
1581 1318 1687 1345 *mdis-⁵-

81 1389 280 1430 universe
334 1388 500 1442 species
559 1388 908 1441 compositorum
969 1399 1203 1440 corporum
1266 1392 1310 1428 et
1369 1391 1565 1428 contem-

81 1457 386 1513 p<er>ate‚,que
418 1463 520 1498 sunt
554 1457 784 1512 originalia
815 1456 905 1498 sive
927 1456 1092 1497 minere
1106 1454 1135 1506 3,
1158 1462 1202 1496 et
1223 1454 1502 1510 vegetabilia,
1524 1460 1567 1495 et

26 1543 65 1566 20
81 1527 303 1570 animalia.

143 1596 257 1639 Sunt
286 1611 392 1653 ergo
413 1597 642 1653 originalia
664 1610 926 1651 quecunque
947 1595 1234 1650 congelantur
1256 1595 1299 1635 in
1328 1594 1567 1636 visceribus
1585 1597 1808 1661 Ss'sflghssssssssssffl'

85 1674 211 1719 terre,
231 1674 275 1709 et
297 1668 339 1709 in
361 1667 591 1722 profundis
615 1668 816 1716 marium,
836 1673 879 1707 et
902 1666 945 1706 in
961 1664 1313 1707 concavitatibus
1331 1663 1567 1714 mondum,
1586 1653 1682 1697 souu'tb

85 1743 128 1779 et
150 1736 568 1779 tumorositatibus4
591 1736 779 1787 inclusis,
803 1743 847 1777 et
877 1748 934 1776 ex
956 1735 1195 1789 vaporibus
1216 1732 1570 1782 ascendentibus,

85 1814 128 1849 et
146 1821 203 1848 ex
221 1807 554 1849 humiditatibus
573 1806 818 1862 congelatis
840 1805 882 1846 in
901 1805 1250 1846 concavitatibus
1267 1815 1569 1850 cavernarum,

30 1891 68 1925 25
87 1877 129 1918 in
162 1877 322 1931 quibus
353 1877 553 1931 aqueitas
586 1883 630 1918 et
661 1875 925 1917 terrestritas
959 1874 1100 1928 magis
1137 1872 1423 1923 dominatur‚⁵
1456 1873 1570 1913 sicut
1587 1879 1795 1939 {lfl‘geflwpm'

86 1961 256 1998 aurum,
278 1953 526 2001 argentum,
551 1961 608 1995 es,
631 1944 809 1994 ferrum,
833 1944 1078 1999 plumbum,
1096 1951 1140 1985 et
1161 1950 1382 1996 stagnum,
1401 1941 1571 1996 lapides
1683 1933 1688 1938 ’

90 2018 336 2072 margarite,
360 2016 562 2064 corallus,
583 2015 834 2063 vitreolum,
858 2013 1034 2055 alumen
1056 2019 1099 2054 et
1122 2012 1378 2067 hujusmodi
1400 2010 1570 2060 similia,

87 2101 172 2141 que
201 2085 207 2143 Ι
234 2087 437 2128 videntur
472 2092 516 2127 et
550 2089 890 2140 cognoscuntur.
968 2082 1154 2124 Animal
1190 2095 1295 2123 vero
1332 2087 1398 2122 est
1440 2094 1573 2122 omne
1590 2089 1631 2131 98
1652 2089 1682 2119 b.

1591 2142 1719 2169 Animals
1732 2143 1787 2168 and

88 2171 226 2212 genus
257 2157 378 2211 quod
412 2161 614 2197 movetur
643 2160 686 2196 et
713 2153 846 2195 sentit
879 2159 923 2194 et
952 2152 1107 2194 transit
1137 2152 1193 2194 de
1222 2152 1319 2193 loco
1353 2151 1396 2192 in
1431 2150 1572 2192 locum
1591 2177 1762 2210 vegetam&-

33 2243 74 2275 30
91 2241 167 2282 per
198 2227 407 2281 seipsum,
441 2233 484 2266 et
516 2224 675 2267 aeritas
708 2224 751 2264 in
785 2224 880 2278 ipso
915 2223 1057 2276 magis
1089 2223 1356 2264 dominatur.
1429 2220 1574 2275 Vege-

146 2396 154 2415 ¹
187 2394 288 2433 sicut
310 2395 439 2431 locata
459 2391 500 2430 in
521 2390 747 2429 locantibus
768 2389 861 2440 quia
882 2387 1085 2439 superiora
1108 2388 1316 2426 continent
1339 2386 1532 2426 inferiora.

146 2453 159 2471 '·'
189 2448 350 2495 scilicet,
371 2446 412 2485 in
433 2459 547 2497 spera
569 2444 720 2483 mundi.

147 2505 160 2525 ³
188 2503 337 2542 minere
376 2501 562 2540 dicuntur
600 2497 805 2550 originalia
838 2497 931 2548 quia
961 2497 1087 2548 prima
1117 2495 1297 2535 oriuntur
1326 2503 1364 2535 et
1399 2496 1498 2534 fiunt
1529 2509 1576 2535 ex

93 2557 312 2604 elementis,
335 2564 473 2607 postea
493 2553 740 2605 vegetabilia,
761 2559 900 2604 postea
920 2551 1119 2590 animalia.

37 2629 76 2662 35
148 2615 162 2652 4
190 2613 263 2661 vel,
290 2625 335 2649 ex
357 2608 662 2649 fumositatibus.

150 2670 163 2688 ⁵
192 2665 287 2718 quia
311 2665 351 2704 in
379 2663 549 2704 metallis
573 2662 803 2702 dominatur
829 2674 934 2712 aqua
957 2668 996 2699 et
1024 2659 1063 2698 in
1086 2659 1275 2699 omnibus
1305 2658 1577 2710 liquabilibus‚

64 2743 67 2746 ·
96 2722 215 2762 set-in
236 2720 321 2759 aliis
341 2718 571 2759 dominatur
590 2725 691 2757 terra
711 2716 812 2756 sicut
832 2717 951 2755 docet
972 2714 1073 2754 libro
1093 2715 1393 2753 Metheororum.

166 2799 226 2821 1590
820 2792 854 2824 Κ
