<?xml version="1.0" encoding="UTF-8"?>
<!DOCTYPE html PUBLIC "-//W3C//DTD XHTML 1.0 Transitional//EN"
    "http://www.w3.org/TR/xhtml1/DTD/xhtml1-transitional.dtd">
<html xmlns="http://www.w3.org/1999/xhtml" xml:lang="en" lang="en">
 <head>
  <title>
</title>
<meta http-equiv="Content-Type" content="text/html;charset=utf-8" />
  <meta name='ocr-system' content='tesseract 3.04.00' />
  <meta name='ocr-capabilities' content='ocr_page ocr_carea ocr_par ocr_line ocrx_word'/>
</head>
<body>
  <div class='ocr_page' id='page_1' title='image "./operahactenusine05baco_0226.png"; bbox 0 0 1908 3126; ppageno 0'>
   <div class='ocr_carea' id='block_1_1' title="bbox 34 199 88 251">
    <p class='ocr_par' dir='ltr' id='par_1_1' title="bbox 34 199 88 251">
     <span class='ocr_line' id='line_1_1' title="bbox 34 199 88 251; baseline 0 0"><span class='ocrx_word' id='word_1_1' title='bbox 34 199 88 251; x_wconf 90' lang='lat' dir='ltr'><strong>K</strong></span> 
     </span>
    </p>
   </div>
   <div class='ocr_carea' id='block_1_2' title="bbox 198 277 305 309">
    <p class='ocr_par' dir='ltr' id='par_1_2' title="bbox 198 277 305 309">
     <span class='ocr_line' id='line_1_2' title="bbox 198 277 305 309; baseline 0.009 -11"><span class='ocrx_word' id='word_1_2' title='bbox 198 277 305 309; x_wconf 67' lang='lat'>11521.</span> 
     </span>
    </p>
   </div>
   <div class='ocr_carea' id='block_1_3' title="bbox 36 517 306 579">
    <p class='ocr_par' dir='ltr' id='par_1_3' title="bbox 36 517 306 579">
     <span class='ocr_line' id='line_1_3' title="bbox 36 517 306 550; baseline 0 -6"><span class='ocrx_word' id='word_1_3' title='bbox 36 518 83 544; x_wconf 90' lang='lat' dir='ltr'>Do</span> <span class='ocrx_word' id='word_1_4' title='bbox 97 522 145 544; x_wconf 86' lang='lat' dir='ltr'>not</span> <span class='ocrx_word' id='word_1_5' title='bbox 155 517 211 544; x_wconf 63' lang='lat' dir='ltr'>risk</span> <span class='ocrx_word' id='word_1_6' title='bbox 224 526 306 550; x_wconf 83' lang='lat' dir='ltr'>your-</span> 
     </span>
     <span class='ocr_line' id='line_1_4' title="bbox 37 552 243 579; baseline -0.005 -1"><span class='ocrx_word' id='word_1_7' title='bbox 37 552 129 579; x_wconf 68' lang='lat' dir='ltr'>selsin</span> <span class='ocrx_word' id='word_1_8' title='bbox 145 552 243 578; x_wconf 79' lang='lat' dir='ltr'><strong>battle.</strong></span> 
     </span>
    </p>
   </div>
   <div class='ocr_carea' id='block_1_4' title="bbox 36 996 271 1098">
    <p class='ocr_par' dir='ltr' id='par_1_4' title="bbox 36 996 271 1098">
     <span class='ocr_line' id='line_1_5' title="bbox 36 996 251 1029; baseline 0 -7"><span class='ocrx_word' id='word_1_9' title='bbox 36 997 99 1022; x_wconf 76' lang='lat' dir='ltr'>&#39;she</span> <span class='ocrx_word' id='word_1_10' title='bbox 112 996 205 1029; x_wconf 78' lang='lat' dir='ltr'>object</span> <span class='ocrx_word' id='word_1_11' title='bbox 218 996 251 1022; x_wconf 86' lang='lat' dir='ltr'>os</span> 
     </span>
     <span class='ocr_line' id='line_1_6' title="bbox 36 1030 266 1056; baseline 0 0"><span class='ocrx_word' id='word_1_12' title='bbox 36 1030 125 1056; x_wconf 81' lang='lat' dir='ltr'>battle</span> <span class='ocrx_word' id='word_1_13' title='bbox 140 1030 162 1056; x_wconf 88' lang='lat' dir='ltr'>is</span> <span class='ocrx_word' id='word_1_14' title='bbox 177 1036 205 1056; x_wconf 91' lang='lat' dir='ltr'>to</span> <span class='ocrx_word' id='word_1_15' title='bbox 220 1031 266 1056; x_wconf 86' lang='lat' dir='ltr'>de-</span> 
     </span>
     <span class='ocr_line' id='line_1_7' title="bbox 37 1065 271 1098; baseline 0 -7"><span class='ocrx_word' id='word_1_16' title='bbox 37 1072 115 1097; x_wconf 74' lang='lat' dir='ltr'>stroy</span> <span class='ocrx_word' id='word_1_17' title='bbox 129 1065 177 1091; x_wconf 83' lang='lat' dir='ltr'>the</span> <span class='ocrx_word' id='word_1_18' title='bbox 192 1065 271 1098; x_wconf 77' lang='lat' dir='ltr'>king.</span> 
     </span>
    </p>
   </div>
   <div class='ocr_carea' id='block_1_5' title="bbox 37 1422 285 1520">
    <p class='ocr_par' dir='ltr' id='par_1_5' title="bbox 37 1422 285 1520">
     <span class='ocr_line' id='line_1_8' title="bbox 37 1422 249 1462; baseline 0.005 -14"><span class='ocrx_word' id='word_1_19' title='bbox 37 1423 100 1462; x_wconf 70' lang='lat' dir='ltr'>The</span> <span class='ocrx_word' id='word_1_20' title='bbox 113 1422 187 1456; x_wconf 87' lang='lat' dir='ltr'>hope</span> <span class='ocrx_word' id='word_1_21' title='bbox 201 1422 249 1461; x_wconf 42' lang='lat' dir='ltr'>of·</span> 
     </span>
     <span class='ocr_line' id='line_1_9' title="bbox 37 1462 285 1490; baseline -0.004 -7"><span class='ocrx_word' id='word_1_22' title='bbox 37 1462 147 1490; x_wconf 78' lang='lat' dir='ltr'>vrctory</span> <span class='ocrx_word' id='word_1_23' title='bbox 161 1463 285 1483; x_wconf 70' lang='lat' dir='ltr'>sustains</span> 
     </span>
     <span class='ocr_line' id='line_1_10' title="bbox 38 1501 104 1520; baseline 0.03 -4"><span class='ocrx_word' id='word_1_24' title='bbox 38 1501 104 1520; x_wconf 62' lang='lat' dir='ltr'>xval&#39;.</span> 
     </span>
    </p>
   </div>
   <div class='ocr_carea' id='block_1_6' title="bbox 199 1626 307 1666">
    <p class='ocr_par' dir='ltr' id='par_1_6' title="bbox 199 1626 307 1666">
     <span class='ocr_line' id='line_1_11' title="bbox 199 1626 307 1666; baseline 0.019 -10"><span class='ocrx_word' id='word_1_25' title='bbox 199 1634 255 1666; x_wconf 68' lang='lat' dir='ltr'>r15</span> <span class='ocrx_word' id='word_1_26' title='bbox 274 1626 307 1658; x_wconf 92' lang='lat' dir='ltr'>b.</span> 
     </span>
    </p>
   </div>
   <div class='ocr_carea' id='block_1_7' title="bbox 37 1774 264 1871">
    <p class='ocr_par' dir='ltr' id='par_1_7' title="bbox 37 1774 264 1871">
     <span class='ocr_line' id='line_1_12' title="bbox 40 1774 235 1808; baseline -0.005 -7"><span class='ocrx_word' id='word_1_27' title='bbox 40 1775 123 1808; x_wconf 84' lang='lat' dir='ltr'>Keep</span> <span class='ocrx_word' id='word_1_28' title='bbox 135 1784 174 1807; x_wconf 85' lang='lat' dir='ltr'>up</span> <span class='ocrx_word' id='word_1_29' title='bbox 188 1774 235 1800; x_wconf 86' lang='lat' dir='ltr'>the</span> 
     </span>
     <span class='ocr_line' id='line_1_13' title="bbox 37 1809 264 1842; baseline 0.004 -8"><span class='ocrx_word' id='word_1_30' title='bbox 37 1809 135 1842; x_wconf 86' lang='lat' dir='ltr'>spirits</span> <span class='ocrx_word' id='word_1_31' title='bbox 148 1809 180 1836; x_wconf 83' lang='lat' dir='ltr'>of</span> <span class='ocrx_word' id='word_1_32' title='bbox 193 1818 264 1842; x_wconf 77' lang='lat' dir='ltr'>your</span> 
     </span>
     <span class='ocr_line' id='line_1_14' title="bbox 37 1853 112 1871; baseline 0.04 -3"><span class='ocrx_word' id='word_1_33' title='bbox 37 1853 112 1871; x_wconf 82' lang='lat' dir='ltr'>men.</span> 
     </span>
    </p>
   </div>
   <div class='ocr_carea' id='block_1_8' title="bbox 40 2109 308 2144">
    <p class='ocr_par' dir='ltr' id='par_1_8' title="bbox 40 2109 308 2144">
     <span class='ocr_line' id='line_1_15' title="bbox 40 2109 308 2144; baseline 0.004 -9"><span class='ocrx_word' id='word_1_34' title='bbox 40 2109 180 2144; x_wconf 78' lang='lat' dir='ltr'>Example</span> <span class='ocrx_word' id='word_1_35' title='bbox 193 2109 225 2136; x_wconf 84' lang='lat' dir='ltr'>of</span> <span class='ocrx_word' id='word_1_36' title='bbox 234 2110 308 2136; x_wconf 67' lang='lat' dir='ltr'>bees.</span> 
     </span>
    </p>
   </div>
   <div class='ocr_carea' id='block_1_9' title="bbox 1035 76 1117 122">
    <p class='ocr_par' dir='ltr' id='par_1_9' title="bbox 1035 76 1117 122">
     <span class='ocr_line' id='line_1_16' title="bbox 1035 76 1117 122; baseline 0.024 -14"><span class='ocrx_word' id='word_1_37' title='bbox 1035 76 1117 122; x_wconf 78' lang='lat'>152</span> 
     </span>
    </p>
   </div>
   <div class='ocr_carea' id='block_1_10' title="bbox 324 181 1820 440">
    <p class='ocr_par' dir='ltr' id='par_1_10' title="bbox 324 181 1820 440">
     <span class='ocr_line' id='line_1_17' title="bbox 390 181 1820 241; baseline -0.004 -12"><span class='ocrx_word' id='word_1_38' title='bbox 390 186 639 241; x_wconf 76' lang='lat' dir='ltr'><em>Capitulum</em></span> <span class='ocrx_word' id='word_1_39' title='bbox 677 198 758 239; x_wconf 88' lang='lat'>.19.</span> <span class='ocrx_word' id='word_1_40' title='bbox 793 183 844 225; x_wconf 80' lang='lat' dir='ltr'>de</span> <span class='ocrx_word' id='word_1_41' title='bbox 878 197 978 238; x_wconf 66' lang='lat' dir='ltr'>rege</span> <span class='ocrx_word' id='word_1_42' title='bbox 1014 183 1061 224; x_wconf 77' lang='lat' dir='ltr'>in</span> <span class='ocrx_word' id='word_1_43' title='bbox 1095 182 1210 231; x_wconf 82' lang='lat' dir='ltr'>bello,</span> <span class='ocrx_word' id='word_1_44' title='bbox 1242 189 1285 224; x_wconf 80' lang='lat' dir='ltr'>et</span> <span class='ocrx_word' id='word_1_45' title='bbox 1317 181 1370 223; x_wconf 77' lang='lat' dir='ltr'>de</span> <span class='ocrx_word' id='word_1_46' title='bbox 1405 182 1508 224; x_wconf 79' lang='lat' dir='ltr'>aliis</span> <span class='ocrx_word' id='word_1_47' title='bbox 1548 195 1628 236; x_wconf 79' lang='lat' dir='ltr'>que</span> <span class='ocrx_word' id='word_1_48' title='bbox 1667 181 1820 224; x_wconf 76' lang='lat' dir='ltr'><em>debent</em></span> 
     </span>
     <span class='ocr_line' id='line_1_18' title="bbox 327 252 1818 309; baseline -0.004 -9"><span class='ocrx_word' id='word_1_49' title='bbox 327 257 500 300; x_wconf 75' lang='lat' dir='ltr'>attendi</span> <span class='ocrx_word' id='word_1_50' title='bbox 526 257 573 298; x_wconf 77' lang='lat' dir='ltr'>in</span> <span class='ocrx_word' id='word_1_51' title='bbox 603 255 722 305; x_wconf 77' lang='lat' dir='ltr'>bello,</span> <span class='ocrx_word' id='word_1_52' title='bbox 750 254 920 304; x_wconf 78' lang='lat' dir='ltr'>scilicet,</span> <span class='ocrx_word' id='word_1_53' title='bbox 941 253 992 294; x_wconf 80' lang='lat' dir='ltr'>de</span> <span class='ocrx_word' id='word_1_54' title='bbox 1022 252 1145 295; x_wconf 83' lang='lat' dir='ltr'>modo</span> <span class='ocrx_word' id='word_1_55' title='bbox 1173 252 1178 309; x_wconf 77' lang='grc' dir='ltr'>Ι</span> <span class='ocrx_word' id='word_1_56' title='bbox 1207 254 1255 294; x_wconf 81' lang='lat' dir='ltr'>z&#39;n</span> <span class='ocrx_word' id='word_1_57' title='bbox 1281 252 1402 295; x_wconf 72' lang='lat' dir='ltr'>bellis</span> <span class='ocrx_word' id='word_1_58' title='bbox 1430 252 1619 301; x_wconf 75' lang='lat' dir='ltr'>tenende,</span> <span class='ocrx_word' id='word_1_59' title='bbox 1646 253 1739 294; x_wconf 73' lang='lat' dir='ltr'>sive</span> <span class='ocrx_word' id='word_1_60' title='bbox 1767 252 1818 294; x_wconf 82' lang='lat' dir='ltr'>de</span> 
     </span>
     <span class='ocr_line' id='line_1_19' title="bbox 325 315 1817 383; baseline -0.005 -13"><span class='ocrx_word' id='word_1_61' title='bbox 325 328 537 383; x_wconf 71' lang='lat' dir='ltr'>regimine</span> <span class='ocrx_word' id='word_1_62' title='bbox 559 326 819 367; x_wconf 63' lang='lat' dir='ltr'>bellatorum</span> <span class='ocrx_word' id='word_1_63' title='bbox 834 325 1045 377; x_wconf 72' lang='lat' dir='ltr'>etforma</span> <span class='ocrx_word' id='word_1_64' title='bbox 1061 323 1415 377; x_wconf 75' lang='lat' dir='ltr'>aggrediencz’um</span> <span class='ocrx_word' id='word_1_65' title='bbox 1433 315 1589 367; x_wconf 64' lang='lat' dir='ltr'>bellum</span> <span class='ocrx_word' id='word_1_66' title='bbox 1606 330 1648 369; x_wconf 66' lang='lat' dir='ltr'>et</span> <span class='ocrx_word' id='word_1_67' title='bbox 1658 330 1817 378; x_wconf 72' lang='lat' dir='ltr'>provo-</span> 
     </span>
     <span class='ocr_line' id='line_1_20' title="bbox 324 395 838 440; baseline -0.012 1"><span class='ocrx_word' id='word_1_68' title='bbox 324 397 570 440; x_wconf 77' lang='lat' dir='ltr'>caciom&#39;bzts</span> <span class='ocrx_word' id='word_1_69' title='bbox 590 395 838 437; x_wconf 72' lang='lat' dir='ltr'>eorundem.</span> 
     </span>
    </p>
   </div>
   <div class='ocr_carea' id='block_1_11' title="bbox 325 491 1908 2024">
    <p class='ocr_par' dir='ltr' id='par_1_11' title="bbox 325 491 1908 2024">
     <span class='ocr_line' id='line_1_21' title="bbox 455 491 1856 547; baseline -0.002 -13"><span class='ocrx_word' id='word_1_70' title='bbox 455 494 529 537; x_wconf 91' lang='lat' dir='ltr'>Oli</span> <span class='ocrx_word' id='word_1_71' title='bbox 560 492 843 547; x_wconf 90' lang='lat' dir='ltr'>frequentare</span> <span class='ocrx_word' id='word_1_72' title='bbox 872 491 989 532; x_wconf 90' lang='lat' dir='ltr'>bella</span> <span class='ocrx_word' id='word_1_73' title='bbox 1015 498 1059 532; x_wconf 90' lang='lat' dir='ltr'>et</span> <span class='ocrx_word' id='word_1_74' title='bbox 1087 504 1314 546; x_wconf 85' lang='lat' dir='ltr'>exponere</span> <span class='ocrx_word' id='word_1_75' title='bbox 1337 497 1380 532; x_wconf 90' lang='lat' dir='ltr'>te</span> <span class='ocrx_word' id='word_1_76' title='bbox 1403 497 1448 532; x_wconf 91' lang='lat' dir='ltr'>et</span> <span class='ocrx_word' id='word_1_77' title='bbox 1469 491 1664 532; x_wconf 86' lang='lat' dir='ltr'>animam</span> <span class='ocrx_word' id='word_1_78' title='bbox 1693 498 1815 532; x_wconf 90' lang='lat' dir='ltr'>tuam</span> <span class='ocrx_word' id='word_1_79' title='bbox 1839 504 1856 536; x_wconf 89' lang='lat'>5</span> 
     </span>
     <span class='ocr_line' id='line_1_22' title="bbox 455 559 1818 616; baseline -0.001 -12"><span class='ocrx_word' id='word_1_80' title='bbox 455 563 517 605; x_wconf 91' lang='lat' dir='ltr'>eis</span> <span class='ocrx_word' id='word_1_81' title='bbox 536 577 545 615; x_wconf 90' lang='lat'>;</span> <span class='ocrx_word' id='word_1_82' title='bbox 578 562 809 616; x_wconf 88' lang='lat' dir='ltr'>frequenta</span> <span class='ocrx_word' id='word_1_83' title='bbox 825 569 977 603; x_wconf 87' lang='lat' dir='ltr'>tamen</span> <span class='ocrx_word' id='word_1_84' title='bbox 1000 559 1181 602; x_wconf 89' lang='lat' dir='ltr'>consilia</span> <span class='ocrx_word' id='word_1_85' title='bbox 1205 560 1424 614; x_wconf 88' lang='lat' dir='ltr'>majorum</span> <span class='ocrx_word' id='word_1_86' title='bbox 1448 561 1522 614; x_wconf 91' lang='lat' dir='ltr'>qui</span> <span class='ocrx_word' id='word_1_87' title='bbox 1540 567 1642 602; x_wconf 91' lang='lat' dir='ltr'>sunt</span> <span class='ocrx_word' id='word_1_88' title='bbox 1660 560 1818 602; x_wconf 88' lang='lat' dir='ltr'>intima</span> 
     </span>
     <span class='ocr_line' id='line_1_23' title="bbox 325 611 1908 686; baseline -0.003 -11"><span class='ocrx_word' id='word_1_89' title='bbox 325 634 488 675; x_wconf 87' lang='lat' dir='ltr'>vicaria</span> <span class='ocrx_word' id='word_1_90' title='bbox 510 639 601 682; x_wconf 91' lang='lat' dir='ltr'>tua,</span> <span class='ocrx_word' id='word_1_91' title='bbox 624 639 670 674; x_wconf 90' lang='lat' dir='ltr'>et</span> <span class='ocrx_word' id='word_1_92' title='bbox 692 646 780 674; x_wconf 92' lang='lat' dir='ltr'>non</span> <span class='ocrx_word' id='word_1_93' title='bbox 804 645 994 686; x_wconf 86' lang='lat' dir='ltr'>occupes</span> <span class='ocrx_word' id='word_1_94' title='bbox 1023 638 1068 672; x_wconf 93' lang='lat' dir='ltr'>te</span> <span class='ocrx_word' id='word_1_95' title='bbox 1098 631 1141 671; x_wconf 91' lang='lat' dir='ltr'>in</span> <span class='ocrx_word' id='word_1_96' title='bbox 1171 630 1255 671; x_wconf 91' lang='lat' dir='ltr'>hiis</span> <span class='ocrx_word' id='word_1_97' title='bbox 1283 631 1325 671; x_wconf 89' lang='lat' dir='ltr'>in</span> <span class='ocrx_word' id='word_1_98' title='bbox 1354 631 1516 685; x_wconf 89' lang='lat' dir='ltr'>quibus</span> <span class='ocrx_word' id='word_1_99' title='bbox 1545 637 1819 685; x_wconf 83' lang='lat' dir='ltr'>occupantur</span> <span class='ocrx_word' id='word_1_100' title='bbox 1905 611 1908 671; x_wconf 81' lang='lat' dir='ltr'>l</span> 
     </span>
     <span class='ocr_line' id='line_1_24' title="bbox 326 700 1816 757; baseline -0.003 -13"><span class='ocrx_word' id='word_1_101' title='bbox 326 704 412 757; x_wconf 92' lang='lat' dir='ltr'>(vel</span> <span class='ocrx_word' id='word_1_102' title='bbox 443 703 639 755; x_wconf 92' lang='lat' dir='ltr'>utuntur)</span> <span class='ocrx_word' id='word_1_103' title='bbox 664 703 769 744; x_wconf 90' lang='lat' dir='ltr'>victi</span> <span class='ocrx_word' id='word_1_104' title='bbox 797 702 867 743; x_wconf 90' lang='lat' dir='ltr'>vel</span> <span class='ocrx_word' id='word_1_105' title='bbox 888 701 1134 756; x_wconf 77' lang='lat' dir='ltr'>vituperati</span> <span class='ocrx_word' id='word_1_106' title='bbox 1167 701 1552 756; x_wconf 81' lang='lat' dir='ltr'>congressionibus</span> <span class='ocrx_word' id='word_1_107' title='bbox 1585 700 1816 743; x_wconf 90' lang='lat' dir='ltr'>bellorum.</span> 
     </span>
     <span class='ocr_line' id='line_1_25' title="bbox 327 771 1817 827; baseline -0.001 -12"><span class='ocrx_word' id='word_1_108' title='bbox 327 775 430 815; x_wconf 88' lang='lat' dir='ltr'>Non</span> <span class='ocrx_word' id='word_1_109' title='bbox 454 773 696 827; x_wconf 86' lang='lat' dir='ltr'>temptabis</span> <span class='ocrx_word' id='word_1_110' title='bbox 719 786 864 827; x_wconf 89' lang='lat' dir='ltr'>neque</span> <span class='ocrx_word' id='word_1_111' title='bbox 881 771 1183 825; x_wconf 83' lang='lat' dir='ltr'>frequentabis</span> <span class='ocrx_word' id='word_1_112' title='bbox 1200 771 1337 825; x_wconf 88' lang='lat' dir='ltr'>prelia</span> <span class='ocrx_word' id='word_1_113' title='bbox 1354 772 1396 813; x_wconf 90' lang='lat' dir='ltr'>in</span> <span class='ocrx_word' id='word_1_114' title='bbox 1417 772 1596 826; x_wconf 87' lang='lat' dir='ltr'>propria</span> <span class='ocrx_word' id='word_1_115' title='bbox 1617 785 1817 826; x_wconf 90' lang='lat' dir='ltr'>persona,</span> 
     </span>
     <span class='ocr_line' id='line_1_26' title="bbox 326 841 1880 898; baseline -0.001 -13"><span class='ocrx_word' id='word_1_116' title='bbox 326 851 393 885; x_wconf 87' lang='lat' dir='ltr'>set</span> <span class='ocrx_word' id='word_1_117' title='bbox 417 850 573 885; x_wconf 90' lang='lat' dir='ltr'>teneas</span> <span class='ocrx_word' id='word_1_118' title='bbox 601 843 793 898; x_wconf 90' lang='lat' dir='ltr'>majores</span> <span class='ocrx_word' id='word_1_119' title='bbox 815 843 932 883; x_wconf 89' lang='lat' dir='ltr'>circa</span> <span class='ocrx_word' id='word_1_120' title='bbox 954 849 1012 892; x_wconf 91' lang='lat' dir='ltr'>te,</span> <span class='ocrx_word' id='word_1_121' title='bbox 1027 855 1084 884; x_wconf 92' lang='lat' dir='ltr'>ne</span> <span class='ocrx_word' id='word_1_122' title='bbox 1106 843 1335 895; x_wconf 90' lang='lat' dir='ltr'>occuperis</span> <span class='ocrx_word' id='word_1_123' title='bbox 1359 841 1446 895; x_wconf 89' lang='lat' dir='ltr'>(vel</span> <span class='ocrx_word' id='word_1_124' title='bbox 1463 842 1610 898; x_wconf 89' lang='lat' dir='ltr'>vaces)</span> <span class='ocrx_word' id='word_1_125' title='bbox 1629 843 1744 884; x_wconf 90' lang='lat' dir='ltr'>circa</span> <span class='ocrx_word' id='word_1_126' title='bbox 1766 856 1818 884; x_wconf 90' lang='lat' dir='ltr'>ea</span> <span class='ocrx_word' id='word_1_127' title='bbox 1841 854 1880 876; x_wconf 89' lang='lat'>10</span> 
     </span>
     <span class='ocr_line' id='line_1_27' title="bbox 326 906 1908 987; baseline -0.001 -32"><span class='ocrx_word' id='word_1_128' title='bbox 326 915 488 968; x_wconf 91' lang='lat' dir='ltr'>quibus</span> <span class='ocrx_word' id='word_1_129' title='bbox 522 915 778 956; x_wconf 84' lang='lat' dir='ltr'>detinentur</span> <span class='ocrx_word' id='word_1_130' title='bbox 819 912 1149 967; x_wconf 87' lang='lat' dir='ltr'>presumptuosi</span> <span class='ocrx_word' id='word_1_131' title='bbox 1187 906 1240 954; x_wconf 25' lang='lat' dir='ltr'>et*</span> <span class='ocrx_word' id='word_1_132' title='bbox 1268 913 1461 954; x_wconf 81' lang='lat' dir='ltr'>audaces</span> <span class='ocrx_word' id='word_1_133' title='bbox 1500 913 1543 953; x_wconf 91' lang='lat' dir='ltr'>in</span> <span class='ocrx_word' id='word_1_134' title='bbox 1579 926 1818 967; x_wconf 89' lang='lat' dir='ltr'>congrega·</span> <span class='ocrx_word' id='word_1_135' title='bbox 1844 949 1853 956; x_wconf 84' lang='grc'><strong><em>,</em></strong></span> <span class='ocrx_word' id='word_1_136' title='bbox 1905 913 1908 987; x_wconf 59' lang='grc' dir='ltr'>ἰ</span> 
     </span>
     <span class='ocr_line' id='line_1_28' title="bbox 328 976 1817 1038; baseline -0.001 -13"><span class='ocrx_word' id='word_1_137' title='bbox 328 984 526 1026; x_wconf 87' lang='lat' dir='ltr'>cionibus</span> <span class='ocrx_word' id='word_1_138' title='bbox 550 983 635 1038; x_wconf 89' lang='lat' dir='ltr'>(vel</span> <span class='ocrx_word' id='word_1_139' title='bbox 659 984 701 1024; x_wconf 89' lang='lat' dir='ltr'>in</span> <span class='ocrx_word' id='word_1_140' title='bbox 726 982 1144 1038; x_wconf 84' lang='lat' dir='ltr'>congressionibus),</span> <span class='ocrx_word' id='word_1_141' title='bbox 1163 982 1267 1036; x_wconf 88' lang='lat' dir='ltr'>quia</span> <span class='ocrx_word' id='word_1_142' title='bbox 1289 982 1584 1024; x_wconf 89' lang='lat' dir='ltr'>certissimum</span> <span class='ocrx_word' id='word_1_143' title='bbox 1608 976 1675 1024; x_wconf 84' lang='lat' dir='ltr'>est</span> <span class='ocrx_word' id='word_1_144' title='bbox 1697 984 1817 1037; x_wconf 89' lang='lat' dir='ltr'>quod</span> 
     </span>
     <span class='ocr_line' id='line_1_29' title="bbox 327 1051 1819 1109; baseline -0.002 -13"><span class='ocrx_word' id='word_1_145' title='bbox 327 1068 560 1108; x_wconf 89' lang='lat' dir='ltr'>nunquam</span> <span class='ocrx_word' id='word_1_146' title='bbox 612 1054 818 1095; x_wconf 90' lang='lat' dir='ltr'>convenit</span> <span class='ocrx_word' id='word_1_147' title='bbox 865 1053 950 1107; x_wconf 90' lang='lat' dir='ltr'>(vel</span> <span class='ocrx_word' id='word_1_148' title='bbox 1004 1051 1255 1108; x_wconf 90' lang='lat' dir='ltr'>contendit)</span> <span class='ocrx_word' id='word_1_149' title='bbox 1297 1066 1375 1093; x_wconf 80' lang='lat' dir='ltr'>rex</span> <span class='ocrx_word' id='word_1_150' title='bbox 1418 1067 1518 1095; x_wconf 89' lang='lat' dir='ltr'>cum</span> <span class='ocrx_word' id='word_1_151' title='bbox 1567 1067 1669 1109; x_wconf 90' lang='lat' dir='ltr'>rege</span> <span class='ocrx_word' id='word_1_152' title='bbox 1711 1053 1819 1108; x_wconf 91' lang='lat' dir='ltr'>quin</span> 
     </span>
     <span class='ocr_line' id='line_1_30' title="bbox 327 1123 1817 1174; baseline 0 -9"><span class='ocrx_word' id='word_1_153' title='bbox 327 1124 440 1166; x_wconf 90' lang='lat' dir='ltr'>alter</span> <span class='ocrx_word' id='word_1_154' title='bbox 463 1124 638 1166; x_wconf 89' lang='lat' dir='ltr'>illorum</span> <span class='ocrx_word' id='word_1_155' title='bbox 662 1123 943 1165; x_wconf 88' lang='lat' dir='ltr'>machinatus</span> <span class='ocrx_word' id='word_1_156' title='bbox 966 1124 1021 1164; x_wconf 88' lang='lat' dir='ltr'>sit</span> <span class='ocrx_word' id='word_1_157' title='bbox 1046 1123 1089 1164; x_wconf 90' lang='lat' dir='ltr'>in</span> <span class='ocrx_word' id='word_1_158' title='bbox 1117 1124 1424 1165; x_wconf 92' lang='lat' dir='ltr'>destruccione</span> <span class='ocrx_word' id='word_1_159' title='bbox 1446 1123 1638 1174; x_wconf 89' lang='lat' dir='ltr'>alterius,</span> <span class='ocrx_word' id='word_1_160' title='bbox 1661 1130 1705 1166; x_wconf 92' lang='lat' dir='ltr'>et</span> <span class='ocrx_word' id='word_1_161' title='bbox 1734 1123 1817 1165; x_wconf 93' lang='lat' dir='ltr'>hoc</span> 
     </span>
     <span class='ocr_line' id='line_1_31' title="bbox 329 1189 1908 1236; baseline 0 -1"><span class='ocrx_word' id='word_1_162' title='bbox 329 1195 558 1236; x_wconf 89' lang='lat' dir='ltr'>inventurn</span> <span class='ocrx_word' id='word_1_163' title='bbox 582 1201 647 1236; x_wconf 90' lang='lat' dir='ltr'>est</span> <span class='ocrx_word' id='word_1_164' title='bbox 671 1195 714 1235; x_wconf 89' lang='lat' dir='ltr'>in</span> <span class='ocrx_word' id='word_1_165' title='bbox 737 1192 927 1236; x_wconf 85' lang='lat' dir='ltr'>natura.1</span> <span class='ocrx_word' id='word_1_166' title='bbox 1843 1203 1878 1236; x_wconf 86' lang='lat'>¹5</span> <span class='ocrx_word' id='word_1_167' title='bbox 1906 1189 1908 1195; x_wconf 50' lang='lat'><strong><em>⁴</em></strong></span> 
     </span>
     <span class='ocr_line' id='line_1_32' title="bbox 389 1264 1818 1319; baseline -0.001 -12"><span class='ocrx_word' id='word_1_168' title='bbox 389 1264 512 1307; x_wconf 86' lang='lat' dir='ltr'>Scias</span> <span class='ocrx_word' id='word_1_169' title='bbox 545 1279 652 1319; x_wconf 90' lang='lat' dir='ltr'>ergo</span> <span class='ocrx_word' id='word_1_170' title='bbox 683 1265 805 1319; x_wconf 91' lang='lat' dir='ltr'>quod</span> <span class='ocrx_word' id='word_1_171' title='bbox 833 1264 1015 1305; x_wconf 89' lang='lat' dir='ltr'>victoria</span> <span class='ocrx_word' id='word_1_172' title='bbox 1048 1271 1113 1305; x_wconf 92' lang='lat' dir='ltr'>est</span> <span class='ocrx_word' id='word_1_173' title='bbox 1147 1279 1204 1306; x_wconf 86' lang='lat' dir='ltr'>ex</span> <span class='ocrx_word' id='word_1_174' title='bbox 1241 1278 1424 1319; x_wconf 89' lang='lat' dir='ltr'>corpore</span> <span class='ocrx_word' id='word_1_175' title='bbox 1461 1271 1505 1305; x_wconf 91' lang='lat' dir='ltr'>et</span> <span class='ocrx_word' id='word_1_176' title='bbox 1538 1264 1684 1305; x_wconf 88' lang='lat' dir='ltr'>anima</span> <span class='ocrx_word' id='word_1_177' title='bbox 1719 1277 1818 1305; x_wconf 92' lang='lat' dir='ltr'>con-</span> 
     </span>
     <span class='ocr_line' id='line_1_33' title="bbox 329 1334 1818 1390; baseline -0.001 -14"><span class='ocrx_word' id='word_1_178' title='bbox 329 1349 512 1390; x_wconf 85' lang='lat' dir='ltr'>surgens</span> <span class='ocrx_word' id='word_1_179' title='bbox 541 1335 627 1390; x_wconf 91' lang='lat' dir='ltr'>(vel</span> <span class='ocrx_word' id='word_1_180' title='bbox 653 1334 932 1389; x_wconf 89' lang='lat' dir='ltr'>proveniens)</span> <span class='ocrx_word' id='word_1_181' title='bbox 961 1349 1019 1375; x_wconf 85' lang='lat' dir='ltr'>ex</span> <span class='ocrx_word' id='word_1_182' title='bbox 1050 1335 1223 1376; x_wconf 89' lang='lat' dir='ltr'>duobus</span> <span class='ocrx_word' id='word_1_183' title='bbox 1253 1335 1505 1390; x_wconf 85' lang='lat' dir='ltr'>oppositis2</span> <span class='ocrx_word' id='word_1_184' title='bbox 1535 1335 1818 1390; x_wconf 90' lang='lat' dir='ltr'>repugnanti-</span> 
     </span>
     <span class='ocr_line' id='line_1_34' title="bbox 327 1405 1819 1461; baseline 0 -14"><span class='ocrx_word' id='word_1_185' title='bbox 327 1407 423 1448; x_wconf 89' lang='lat' dir='ltr'>bus.</span> <span class='ocrx_word' id='word_1_186' title='bbox 488 1406 573 1448; x_wconf 89' lang='lat' dir='ltr'>Est</span> <span class='ocrx_word' id='word_1_187' title='bbox 593 1420 699 1461; x_wconf 92' lang='lat' dir='ltr'>ergo</span> <span class='ocrx_word' id='word_1_188' title='bbox 728 1406 906 1460; x_wconf 86' lang='lat' dir='ltr'>spiritus</span> <span class='ocrx_word' id='word_1_189' title='bbox 935 1419 1088 1447; x_wconf 89' lang='lat' dir='ltr'>eorum</span> <span class='ocrx_word' id='word_1_190' title='bbox 1115 1419 1217 1460; x_wconf 91' lang='lat' dir='ltr'>spes</span> <span class='ocrx_word' id='word_1_191' title='bbox 1244 1413 1288 1447; x_wconf 89' lang='lat' dir='ltr'>et</span> <span class='ocrx_word' id='word_1_192' title='bbox 1311 1405 1472 1448; x_wconf 88' lang='lat' dir='ltr'>fiducia</span> <span class='ocrx_word' id='word_1_193' title='bbox 1494 1406 1677 1447; x_wconf 89' lang='lat' dir='ltr'>victorie</span> <span class='ocrx_word' id='word_1_194' title='bbox 1707 1405 1819 1461; x_wconf 89' lang='lat' dir='ltr'>regis</span> 
     </span>
     <span class='ocr_line' id='line_1_35' title="bbox 327 1475 1818 1531; baseline -0.001 -14"><span class='ocrx_word' id='word_1_195' title='bbox 327 1475 589 1530; x_wconf 75' lang='lat' dir='ltr'>utriusque,3</span> <span class='ocrx_word' id='word_1_196' title='bbox 611 1489 799 1530; x_wconf 90' lang='lat' dir='ltr'>quorum</span> <span class='ocrx_word' id='word_1_197' title='bbox 833 1489 995 1528; x_wconf 87' lang='lat' dir='ltr'>corpus</span> <span class='ocrx_word' id='word_1_198' title='bbox 1028 1483 1095 1517; x_wconf 91' lang='lat' dir='ltr'>est</span> <span class='ocrx_word' id='word_1_199' title='bbox 1121 1476 1378 1530; x_wconf 90' lang='lat' dir='ltr'>conjunccio</span> <span class='ocrx_word' id='word_1_200' title='bbox 1411 1477 1638 1530; x_wconf 90' lang='lat' dir='ltr'>utriusque</span> <span class='ocrx_word' id='word_1_201' title='bbox 1669 1476 1818 1531; x_wconf 88' lang='lat' dir='ltr'>partis.</span> 
     </span>
     <span class='ocr_line' id='line_1_36' title="bbox 330 1545 1880 1601; baseline 0.001 -14"><span class='ocrx_word' id='word_1_202' title='bbox 330 1545 523 1601; x_wconf 76' lang='lat' dir='ltr'>Quando</span> <span class='ocrx_word' id='word_1_203' title='bbox 546 1560 653 1601; x_wconf 91' lang='lat' dir='ltr'>ergo</span> <span class='ocrx_word' id='word_1_204' title='bbox 675 1559 762 1587; x_wconf 92' lang='lat' dir='ltr'>non</span> <span class='ocrx_word' id='word_1_205' title='bbox 786 1546 939 1587; x_wconf 89' lang='lat' dir='ltr'>incidit</span> <span class='ocrx_word' id='word_1_206' title='bbox 962 1559 1063 1600; x_wconf 88' lang='lat' dir='ltr'>spes</span> <span class='ocrx_word' id='word_1_207' title='bbox 1079 1546 1274 1597; x_wconf 87' lang='lat' dir='ltr'>victorie,</span> <span class='ocrx_word' id='word_1_208' title='bbox 1294 1547 1349 1588; x_wconf 91' lang='lat' dir='ltr'>de</span> <span class='ocrx_word' id='word_1_209' title='bbox 1367 1547 1523 1601; x_wconf 89' lang='lat' dir='ltr'>seipsis</span> <span class='ocrx_word' id='word_1_210' title='bbox 1541 1546 1818 1588; x_wconf 85' lang='lat' dir='ltr'>moriuntur4</span> <span class='ocrx_word' id='word_1_211' title='bbox 1842 1561 1880 1583; x_wconf 84' lang='lat'>20</span> 
     </span>
     <span class='ocr_line' id='line_1_37' title="bbox 329 1614 1818 1671; baseline 0.001 -15"><span class='ocrx_word' id='word_1_212' title='bbox 329 1624 373 1657; x_wconf 90' lang='lat' dir='ltr'>et</span> <span class='ocrx_word' id='word_1_213' title='bbox 411 1624 586 1658; x_wconf 87' lang='lat' dir='ltr'>cessant</span> <span class='ocrx_word' id='word_1_214' title='bbox 623 1615 773 1671; x_wconf 88' lang='lat' dir='ltr'>prelia.</span> <span class='ocrx_word' id='word_1_215' title='bbox 840 1616 900 1656; x_wconf 88' lang='lat' dir='ltr'>Et</span> <span class='ocrx_word' id='word_1_216' title='bbox 930 1614 935 1671; x_wconf 88' lang='grc' dir='ltr'>Ι</span> <span class='ocrx_word' id='word_1_217' title='bbox 962 1617 1172 1669; x_wconf 82' lang='lat' dir='ltr'>perdurat</span> <span class='ocrx_word' id='word_1_218' title='bbox 1208 1616 1394 1670; x_wconf 88' lang='lat' dir='ltr'>prelium</span> <span class='ocrx_word' id='word_1_219' title='bbox 1431 1617 1643 1670; x_wconf 87' lang='lat' dir='ltr'>quamdiu</span> <span class='ocrx_word' id='word_1_220' title='bbox 1688 1619 1818 1658; x_wconf 88' lang='lat' dir='ltr'>durat</span> 
     </span>
     <span class='ocr_line' id='line_1_38' title="bbox 330 1686 1815 1741; baseline 0.001 -14"><span class='ocrx_word' id='word_1_221' title='bbox 330 1687 659 1739; x_wconf 87' lang='lat' dir='ltr'>perseverancia</span> <span class='ocrx_word' id='word_1_222' title='bbox 681 1686 724 1726; x_wconf 93' lang='lat' dir='ltr'>in</span> <span class='ocrx_word' id='word_1_223' title='bbox 747 1699 825 1738; x_wconf 87' lang='lat' dir='ltr'>spe</span> <span class='ocrx_word' id='word_1_224' title='bbox 849 1687 1087 1739; x_wconf 88' lang='lat' dir='ltr'>superandi</span> <span class='ocrx_word' id='word_1_225' title='bbox 1111 1694 1284 1740; x_wconf 90' lang='lat' dir='ltr'>partem</span> <span class='ocrx_word' id='word_1_226' title='bbox 1308 1687 1555 1740; x_wconf 83' lang='lat' dir='ltr'>quamlibet</span> <span class='ocrx_word' id='word_1_227' title='bbox 1578 1687 1815 1741; x_wconf 87' lang='lat' dir='ltr'>utriusque.</span> 
     </span>
     <span class='ocr_line' id='line_1_39' title="bbox 332 1755 1817 1810; baseline 0.002 -14"><span class='ocrx_word' id='word_1_228' title='bbox 332 1755 402 1797; x_wconf 81' lang='lat' dir='ltr'>Sit</span> <span class='ocrx_word' id='word_1_229' title='bbox 441 1770 548 1810; x_wconf 87' lang='lat' dir='ltr'>ergo</span> <span class='ocrx_word' id='word_1_230' title='bbox 582 1762 766 1798; x_wconf 88' lang='lat' dir='ltr'>conatus</span> <span class='ocrx_word' id='word_1_231' title='bbox 806 1762 908 1797; x_wconf 88' lang='lat' dir='ltr'>tuus</span> <span class='ocrx_word' id='word_1_232' title='bbox 945 1763 989 1798; x_wconf 91' lang='lat' dir='ltr'>et</span> <span class='ocrx_word' id='word_1_233' title='bbox 1025 1756 1219 1798; x_wconf 87' lang='lat' dir='ltr'>intencio</span> <span class='ocrx_word' id='word_1_234' title='bbox 1253 1763 1330 1798; x_wconf 90' lang='lat' dir='ltr'>tua</span> <span class='ocrx_word' id='word_1_235' title='bbox 1364 1757 1407 1798; x_wconf 94' lang='lat' dir='ltr'>in</span> <span class='ocrx_word' id='word_1_236' title='bbox 1442 1757 1740 1807; x_wconf 89' lang='lat' dir='ltr'>durabilitate,</span> <span class='ocrx_word' id='word_1_237' title='bbox 1774 1759 1817 1798; x_wconf 95' lang='lat' dir='ltr'>in</span> 
     </span>
     <span class='ocr_line' id='line_1_40' title="bbox 332 1825 1816 1881; baseline 0.001 -14"><span class='ocrx_word' id='word_1_238' title='bbox 332 1827 665 1881; x_wconf 90' lang='lat' dir='ltr'>perseverancia</span> <span class='ocrx_word' id='word_1_239' title='bbox 686 1826 765 1877; x_wconf 90' lang='lat' dir='ltr'>tui,</span> <span class='ocrx_word' id='word_1_240' title='bbox 788 1834 831 1868; x_wconf 92' lang='lat' dir='ltr'>et</span> <span class='ocrx_word' id='word_1_241' title='bbox 855 1827 898 1867; x_wconf 91' lang='lat' dir='ltr'>in</span> <span class='ocrx_word' id='word_1_242' title='bbox 927 1825 1171 1868; x_wconf 89' lang='lat' dir='ltr'>stabilitate</span> <span class='ocrx_word' id='word_1_243' title='bbox 1202 1833 1245 1868; x_wconf 93' lang='lat' dir='ltr'>et</span> <span class='ocrx_word' id='word_1_244' title='bbox 1279 1827 1607 1869; x_wconf 88' lang='lat' dir='ltr'>sustentacione</span> <span class='ocrx_word' id='word_1_245' title='bbox 1639 1828 1816 1869; x_wconf 89' lang='lat' dir='ltr'>illorum</span> 
     </span>
     <span class='ocr_line' id='line_1_41' title="bbox 331 1896 1879 1952; baseline 0.003 -15"><span class='ocrx_word' id='word_1_246' title='bbox 331 1897 406 1950; x_wconf 93' lang='lat' dir='ltr'>qui</span> <span class='ocrx_word' id='word_1_247' title='bbox 440 1905 543 1939; x_wconf 90' lang='lat' dir='ltr'>sunt</span> <span class='ocrx_word' id='word_1_248' title='bbox 573 1898 636 1940; x_wconf 93' lang='lat' dir='ltr'>tui</span> <span class='ocrx_word' id='word_1_249' title='bbox 662 1898 851 1952; x_wconf 89' lang='lat' dir='ltr'>generis.</span> <span class='ocrx_word' id='word_1_250' title='bbox 915 1897 975 1939; x_wconf 82' lang='lat' dir='ltr'>Et</span> <span class='ocrx_word' id='word_1_251' title='bbox 1005 1896 1095 1938; x_wconf 89' lang='lat' dir='ltr'>noli</span> <span class='ocrx_word' id='word_1_252' title='bbox 1121 1897 1394 1951; x_wconf 88' lang='lat' dir='ltr'>vilipendere</span> <span class='ocrx_word' id='word_1_253' title='bbox 1425 1911 1634 1952; x_wconf 85' lang='lat' dir='ltr'>personas</span> <span class='ocrx_word' id='word_1_254' title='bbox 1666 1912 1816 1940; x_wconf 90' lang='lat' dir='ltr'>eorum</span> <span class='ocrx_word' id='word_1_255' title='bbox 1841 1911 1879 1941; x_wconf 79' lang='lat'>25</span> 
     </span>
     <span class='ocr_line' id='line_1_42' title="bbox 331 1967 1819 2024; baseline 0.001 -15"><span class='ocrx_word' id='word_1_256' title='bbox 331 1968 457 2021; x_wconf 89' lang='lat' dir='ltr'>quasi</span> <span class='ocrx_word' id='word_1_257' title='bbox 500 1973 800 2021; x_wconf 86' lang='lat' dir='ltr'>contemptor,</span> <span class='ocrx_word' id='word_1_258' title='bbox 842 1973 908 2008; x_wconf 87' lang='lat' dir='ltr'>set</span> <span class='ocrx_word' id='word_1_259' title='bbox 952 1967 1112 2021; x_wconf 90' lang='lat' dir='ltr'>collige</span> <span class='ocrx_word' id='word_1_260' title='bbox 1155 1967 1289 2009; x_wconf 89' lang='lat' dir='ltr'>verba</span> <span class='ocrx_word' id='word_1_261' title='bbox 1338 1982 1490 2009; x_wconf 86' lang='lat' dir='ltr'>eorum</span> <span class='ocrx_word' id='word_1_262' title='bbox 1535 1967 1628 2024; x_wconf 89' lang='lat' dir='ltr'>(seu</span> <span class='ocrx_word' id='word_1_263' title='bbox 1672 1969 1819 2023; x_wconf 89' lang='lat' dir='ltr'>recipe</span> 
     </span>
    </p>
   </div>
   <div class='ocr_carea' id='block_1_12' title="bbox 451 2057 701 2060">
    <p class='ocr_par' dir='ltr' id='par_1_12' title="bbox 451 2057 701 2060">
     <span class='ocr_line' id='line_1_43' title="bbox 451 2057 701 2060; baseline 0 0"><span class='ocrx_word' id='word_1_264' title='bbox 451 2057 701 2060; x_wconf 95' lang='lat' dir='ltr'> </span> 
     </span>
    </p>
   </div>
   <div class='ocr_carea' id='block_1_13' title="bbox 326 2095 1881 2531">
    <p class='ocr_par' dir='ltr' id='par_1_13' title="bbox 327 2095 1819 2259">
     <span class='ocr_line' id='line_1_44' title="bbox 383 2095 1817 2151; baseline 0.001 -12"><span class='ocrx_word' id='word_1_265' title='bbox 383 2099 393 2118; x_wconf 90' lang='lat'>¹</span> <span class='ocrx_word' id='word_1_266' title='bbox 426 2099 598 2148; x_wconf 87' lang='lat' dir='ltr'>Scilicet,</span> <span class='ocrx_word' id='word_1_267' title='bbox 639 2100 680 2138; x_wconf 91' lang='lat' dir='ltr'>in</span> <span class='ocrx_word' id='word_1_268' title='bbox 719 2100 878 2151; x_wconf 85' lang='lat' dir='ltr'>regibus</span> <span class='ocrx_word' id='word_1_269' title='bbox 916 2114 1050 2151; x_wconf 82' lang='lat' dir='ltr'>apum,</span> <span class='ocrx_word' id='word_1_270' title='bbox 1093 2100 1186 2151; x_wconf 89' lang='lat' dir='ltr'>quia</span> <span class='ocrx_word' id='word_1_271' title='bbox 1226 2113 1337 2151; x_wconf 86' lang='lat' dir='ltr'>reges</span> <span class='ocrx_word' id='word_1_272' title='bbox 1376 2095 1498 2151; x_wconf 85' lang='lat' dir='ltr'>apuin</span> <span class='ocrx_word' id='word_1_273' title='bbox 1539 2110 1685 2140; x_wconf 83' lang='lat' dir='ltr'>exeunt</span> <span class='ocrx_word' id='word_1_274' title='bbox 1726 2115 1817 2140; x_wconf 88' lang='lat' dir='ltr'>cum</span> 
     </span>
     <span class='ocr_line' id='line_1_45' title="bbox 327 2154 1819 2207; baseline 0.001 -14"><span class='ocrx_word' id='word_1_275' title='bbox 327 2154 580 2194; x_wconf 86' lang='lat' dir='ltr'>examinibus</span> <span class='ocrx_word' id='word_1_276' title='bbox 603 2154 683 2194; x_wconf 86' lang='lat' dir='ltr'>suis</span> <span class='ocrx_word' id='word_1_277' title='bbox 704 2154 786 2194; x_wconf 89' lang='lat' dir='ltr'>sive</span> <span class='ocrx_word' id='word_1_278' title='bbox 807 2155 1070 2195; x_wconf 85' lang='lat' dir='ltr'>excercitibus</span> <span class='ocrx_word' id='word_1_279' title='bbox 1094 2156 1133 2193; x_wconf 94' lang='lat' dir='ltr'>in</span> <span class='ocrx_word' id='word_1_280' title='bbox 1154 2161 1329 2206; x_wconf 81' lang='lat' dir='ltr'>pugnam</span> <span class='ocrx_word' id='word_1_281' title='bbox 1351 2163 1390 2194; x_wconf 92' lang='lat' dir='ltr'>et</span> <span class='ocrx_word' id='word_1_282' title='bbox 1406 2155 1620 2196; x_wconf 84' lang='lat' dir='ltr'>fortissime</span> <span class='ocrx_word' id='word_1_283' title='bbox 1639 2164 1819 2207; x_wconf 87' lang='lat' dir='ltr'>pugnant</span> 
     </span>
     <span class='ocr_line' id='line_1_46' title="bbox 327 2210 1817 2259; baseline 0.001 -11"><span class='ocrx_word' id='word_1_284' title='bbox 327 2211 459 2249; x_wconf 87' lang='lat' dir='ltr'>donec</span> <span class='ocrx_word' id='word_1_285' title='bbox 477 2224 580 2249; x_wconf 88' lang='lat' dir='ltr'>unus</span> <span class='ocrx_word' id='word_1_286' title='bbox 596 2210 816 2249; x_wconf 84' lang='lat' dir='ltr'>excercitus</span> <span class='ocrx_word' id='word_1_287' title='bbox 837 2210 1028 2259; x_wconf 83' lang='lat' dir='ltr'>vincatur,</span> <span class='ocrx_word' id='word_1_288' title='bbox 1046 2219 1084 2250; x_wconf 89' lang='lat' dir='ltr'>et</span> <span class='ocrx_word' id='word_1_289' title='bbox 1102 2210 1155 2249; x_wconf 86' lang='lat' dir='ltr'>ita</span> <span class='ocrx_word' id='word_1_290' title='bbox 1171 2218 1229 2250; x_wconf 85' lang='lat' dir='ltr'>est</span> <span class='ocrx_word' id='word_1_291' title='bbox 1251 2210 1291 2249; x_wconf 94' lang='lat' dir='ltr'>in</span> <span class='ocrx_word' id='word_1_292' title='bbox 1314 2211 1447 2250; x_wconf 89' lang='lat' dir='ltr'>multis</span> <span class='ocrx_word' id='word_1_293' title='bbox 1461 2210 1548 2250; x_wconf 85' lang='lat' dir='ltr'>aliis</span> <span class='ocrx_word' id='word_1_294' title='bbox 1564 2210 1817 2250; x_wconf 87' lang='lat' dir='ltr'>animalibus.</span> 
     </span>
    </p>

    <p class='ocr_par' dir='ltr' id='par_1_14' title="bbox 326 2265 1881 2480">
     <span class='ocr_line' id='line_1_47' title="bbox 383 2265 1881 2315; baseline 0.001 -12"><span class='ocrx_word' id='word_1_295' title='bbox 383 2266 395 2285; x_wconf 80' lang='lat'>²</span> <span class='ocrx_word' id='word_1_296' title='bbox 426 2266 466 2303; x_wconf 90' lang='lat' dir='ltr'>id</span> <span class='ocrx_word' id='word_1_297' title='bbox 496 2273 566 2314; x_wconf 89' lang='lat' dir='ltr'>est,</span> <span class='ocrx_word' id='word_1_298' title='bbox 604 2265 763 2315; x_wconf 85' lang='lat' dir='ltr'>regibus</span> <span class='ocrx_word' id='word_1_299' title='bbox 798 2266 858 2304; x_wconf 90' lang='lat' dir='ltr'>vel</span> <span class='ocrx_word' id='word_1_300' title='bbox 891 2265 1064 2304; x_wconf 88' lang='lat' dir='ltr'>ducibus</span> <span class='ocrx_word' id='word_1_301' title='bbox 1094 2265 1301 2304; x_wconf 87' lang='lat' dir='ltr'>contrariis</span> <span class='ocrx_word' id='word_1_302' title='bbox 1331 2266 1504 2304; x_wconf 91' lang='lat' dir='ltr'>duorum</span> <span class='ocrx_word' id='word_1_303' title='bbox 1534 2265 1814 2305; x_wconf 84' lang='lat' dir='ltr'>excercituum.</span> <span class='ocrx_word' id='word_1_304' title='bbox 1839 2281 1881 2311; x_wconf 75' lang='lat'>30</span> 
     </span>
     <span class='ocr_line' id='line_1_48' title="bbox 327 2319 1818 2371; baseline 0.001 -14"><span class='ocrx_word' id='word_1_305' title='bbox 327 2321 408 2358; x_wconf 79' lang='lat' dir='ltr'>Wlt</span> <span class='ocrx_word' id='word_1_306' title='bbox 429 2320 562 2358; x_wconf 89' lang='lat' dir='ltr'>dicere</span> <span class='ocrx_word' id='word_1_307' title='bbox 583 2320 694 2370; x_wconf 90' lang='lat' dir='ltr'>quod</span> <span class='ocrx_word' id='word_1_308' title='bbox 716 2319 880 2359; x_wconf 87' lang='lat' dir='ltr'>victoria</span> <span class='ocrx_word' id='word_1_309' title='bbox 901 2321 943 2358; x_wconf 87' lang='lat' dir='ltr'>fit</span> <span class='ocrx_word' id='word_1_310' title='bbox 971 2333 1017 2359; x_wconf 85' lang='lat' dir='ltr'>ex</span> <span class='ocrx_word' id='word_1_311' title='bbox 1039 2320 1200 2359; x_wconf 89' lang='lat' dir='ltr'>duobus</span> <span class='ocrx_word' id='word_1_312' title='bbox 1219 2335 1229 2368; x_wconf 79' lang='lat'><em>3</em></span> <span class='ocrx_word' id='word_1_313' title='bbox 1259 2334 1383 2358; x_wconf 89' lang='lat' dir='ltr'>unum</span> <span class='ocrx_word' id='word_1_314' title='bbox 1406 2328 1465 2359; x_wconf 87' lang='lat' dir='ltr'>est</span> <span class='ocrx_word' id='word_1_315' title='bbox 1492 2334 1583 2371; x_wconf 88' lang='lat' dir='ltr'>spes</span> <span class='ocrx_word' id='word_1_316' title='bbox 1610 2329 1649 2360; x_wconf 93' lang='lat' dir='ltr'>et</span> <span class='ocrx_word' id='word_1_317' title='bbox 1671 2320 1818 2360; x_wconf 83' lang='lat' dir='ltr'>fiducia</span> 
     </span>
     <span class='ocr_line' id='line_1_49' title="bbox 326 2374 1818 2426; baseline 0.002 -14"><span class='ocrx_word' id='word_1_318' title='bbox 326 2374 541 2425; x_wconf 84' lang='lat' dir='ltr'>superandi</span> <span class='ocrx_word' id='word_1_319' title='bbox 562 2375 845 2421; x_wconf 83' lang='lat' dir='ltr'>adversarium,</span> <span class='ocrx_word' id='word_1_320' title='bbox 863 2382 902 2413; x_wconf 87' lang='lat' dir='ltr'>et</span> <span class='ocrx_word' id='word_1_321' title='bbox 922 2376 1000 2413; x_wconf 94' lang='lat' dir='ltr'>hoc</span> <span class='ocrx_word' id='word_1_322' title='bbox 1030 2382 1146 2414; x_wconf 87' lang='lat' dir='ltr'>vocat</span> <span class='ocrx_word' id='word_1_323' title='bbox 1174 2374 1350 2413; x_wconf 88' lang='lat' dir='ltr'>animam</span> <span class='ocrx_word' id='word_1_324' title='bbox 1372 2375 1684 2426; x_wconf 83' lang='lat' dir='ltr'>methaphorice,</span> <span class='ocrx_word' id='word_1_325' title='bbox 1709 2375 1818 2415; x_wconf 88' lang='lat' dir='ltr'>aliud</span> 
     </span>
     <span class='ocr_line' id='line_1_50' title="bbox 327 2427 1658 2480; baseline 0.001 -12"><span class='ocrx_word' id='word_1_326' title='bbox 327 2437 386 2468; x_wconf 91' lang='lat' dir='ltr'>est</span> <span class='ocrx_word' id='word_1_327' title='bbox 407 2428 648 2479; x_wconf 90' lang='lat' dir='ltr'>conjunccio</span> <span class='ocrx_word' id='word_1_328' title='bbox 669 2431 938 2469; x_wconf 87' lang='lat' dir='ltr'>excercituum</span> <span class='ocrx_word' id='word_1_329' title='bbox 960 2429 1186 2480; x_wconf 86' lang='lat' dir='ltr'>corporalis,</span> <span class='ocrx_word' id='word_1_330' title='bbox 1210 2437 1249 2468; x_wconf 90' lang='lat' dir='ltr'>et</span> <span class='ocrx_word' id='word_1_331' title='bbox 1270 2431 1347 2469; x_wconf 90' lang='lat' dir='ltr'>hoc</span> <span class='ocrx_word' id='word_1_332' title='bbox 1368 2438 1483 2469; x_wconf 89' lang='lat' dir='ltr'>vocat</span> <span class='ocrx_word' id='word_1_333' title='bbox 1503 2427 1658 2480; x_wconf 81' lang='lat' dir='ltr'>corpus.</span> 
     </span>
    </p>

    <p class='ocr_par' dir='ltr' id='par_1_15' title="bbox 382 2483 1544 2531">
     <span class='ocr_line' id='line_1_51' title="bbox 382 2483 1544 2531; baseline 0 -9"><span class='ocrx_word' id='word_1_334' title='bbox 382 2483 395 2504; x_wconf 81' lang='lat'>³</span> <span class='ocrx_word' id='word_1_335' title='bbox 423 2498 470 2522; x_wconf 84' lang='lat' dir='ltr'>ex</span> <span class='ocrx_word' id='word_1_336' title='bbox 491 2483 691 2523; x_wconf 90' lang='lat' dir='ltr'>utrolibet.</span> <span class='ocrx_word' id='word_1_337' title='bbox 1133 2486 1144 2504; x_wconf 75' lang='lat'><strong>⁴</strong></span> <span class='ocrx_word' id='word_1_338' title='bbox 1176 2484 1216 2522; x_wconf 91' lang='lat' dir='ltr'>id</span> <span class='ocrx_word' id='word_1_339' title='bbox 1237 2493 1308 2531; x_wconf 86' lang='lat' dir='ltr'>est,</span> <span class='ocrx_word' id='word_1_340' title='bbox 1329 2498 1411 2523; x_wconf 92' lang='lat' dir='ltr'>non</span> <span class='ocrx_word' id='word_1_341' title='bbox 1432 2486 1544 2524; x_wconf 87' lang='lat' dir='ltr'>fiunt.</span> 
     </span>
    </p>
   </div>
   <div class='ocr_carea' id='block_1_14' title="bbox 378 2612 916 2653">
    <p class='ocr_par' dir='ltr' id='par_1_16' title="bbox 378 2612 916 2653">
     <span class='ocr_line' id='line_1_52' title="bbox 378 2612 916 2653; baseline 0.004 -11"><span class='ocrx_word' id='word_1_342' title='bbox 378 2623 391 2642; x_wconf 94' lang='lat'>1</span> <span class='ocrx_word' id='word_1_343' title='bbox 420 2612 519 2643; x_wconf 91' lang='lat' dir='ltr'>Book</span> <span class='ocrx_word' id='word_1_344' title='bbox 539 2612 602 2651; x_wconf 84' lang='lat' dir='ltr'>IX,</span> <span class='ocrx_word' id='word_1_345' title='bbox 621 2613 774 2653; x_wconf 89' lang='lat' dir='ltr'>Chapter</span> <span class='ocrx_word' id='word_1_346' title='bbox 792 2612 856 2644; x_wconf 82' lang='lat' dir='ltr'>cxi.</span> <span class='ocrx_word' id='word_1_347' title='bbox 880 2613 916 2644; x_wconf 83' lang='lat' dir='ltr'>V.</span> 
     </span>
    </p>
   </div>
   <div class='ocr_carea' id='block_1_15' title="bbox 361 2571 465 2574">
    <p class='ocr_par' dir='ltr' id='par_1_17' title="bbox 361 2571 465 2574">
     <span class='ocr_line' id='line_1_53' title="bbox 361 2571 465 2574; baseline 0 0"><span class='ocrx_word' id='word_1_348' title='bbox 361 2571 465 2574; x_wconf 95' lang='lat' dir='ltr'> </span> 
     </span>
    </p>
   </div>
   <div class='ocr_carea' id='block_1_16' title="bbox 367 2688 467 2690">
    <p class='ocr_par' dir='ltr' id='par_1_18' title="bbox 367 2688 467 2690">
     <span class='ocr_line' id='line_1_54' title="bbox 367 2688 467 2690; baseline 0 0"><span class='ocrx_word' id='word_1_349' title='bbox 367 2688 467 2690; x_wconf 95' lang='lat' dir='ltr'> </span> 
     </span>
    </p>
   </div>
   <div class='ocr_carea' id='block_1_17' title="bbox 470 2687 694 2690">
    <p class='ocr_par' dir='ltr' id='par_1_19' title="bbox 470 2687 694 2690">
     <span class='ocr_line' id='line_1_55' title="bbox 470 2687 694 2690; baseline 0 0"><span class='ocrx_word' id='word_1_350' title='bbox 470 2687 694 2690; x_wconf 95' lang='lat' dir='ltr'> </span> 
     </span>
    </p>
   </div>
   <div class='ocr_carea' id='block_1_18' title="bbox 374 2729 788 2771">
    <p class='ocr_par' dir='ltr' id='par_1_20' title="bbox 374 2729 788 2771">
     <span class='ocr_line' id='line_1_56' title="bbox 374 2729 788 2771; baseline 0.002 -11"><span class='ocrx_word' id='word_1_351' title='bbox 374 2731 413 2760; x_wconf 90' lang='lat'>16</span> <span class='ocrx_word' id='word_1_352' title='bbox 435 2729 595 2771; x_wconf 87' lang='lat' dir='ltr'>victoria]</span> <span class='ocrx_word' id='word_1_353' title='bbox 613 2730 739 2761; x_wconf 89' lang='lat' dir='ltr'>invidia</span> <span class='ocrx_word' id='word_1_354' title='bbox 761 2730 788 2761; x_wconf 80' lang='lat' dir='ltr'><em>V</em></span> 
     </span>
    </p>
   </div>
  </div>
 </body>
</html>
