1908 3126
213 2510 253 2534 10
270 2502 303 2535 b.

1038 53 1090 83 20

309 164 507 208 potestate
526 154 668 209 3'2sicut
684 156 821 196 vinum
837 170 920 196 non
934 165 992 197 est
1009 159 1184 198 calidum
1202 165 1240 198 et
1258 157 1408 198 siccum
1427 159 1477 198 de
1491 171 1562 198 sua
1575 157 1806 199 substancia

309 230 369 264 set
390 223 576 274 frigidum
594 223 880 275 etsshumidum,
896 231 935 263 et
951 231 1087 263 tamen
1103 223 1283 264 calefacit
1300 232 1338 264 et
1351 226 1536 264 exsiccat.
1595 226 1647 264 Et
1667 225 1804 264 vinum

311 289 491 337 inebriat,
515 302 598 328 non
619 294 755 328 tamen
777 296 836 329 est
858 290 1024 337 ebrium,
1049 298 1087 329 et
1109 289 1164 330 sic
1185 291 1236 330 de
1252 290 1429 330 infinitis.
1568 278 1570 280 V

363 471 429 507 De
449 470 588 519 quinta
610 470 839 508 alteracimze
850 469 1108 520 planetarum
1130 475 1293 520 respectu
1313 470 1518 520 dzgmratis
1531 475 1568 508 et
1584 470 1804 510 detrimenta

307 550 406 585 quas
425 541 682 586 conseqmelur
699 537 742 574 2'72
762 536 883 585 szgrm‘s
902 535 1022 574 dictis.
1826 554 1845 586 5

439 637 565 678 Uinta
591 636 780 676 alteracio
810 636 1060 686 planetarum
1089 642 1147 675 est
1172 642 1355 686 respectu
1382 634 1586 686 signorum
1607 644 1802 687 quantum

417 748 419 750 ,
464 704 516 743 ad
538 703 656 742 miras
673 701 837 741 virtutes
858 702 920 740 vel
936 701 1176 740 detrimenta
1189 700 1391 741 virtutum.
1452 703 1503 741 Et
1519 708 1612 741 sunt
1625 703 1806 754 quinque

311 752 558 824 prgfogative
579 768 770 808 virtutum
800 781 879 818 que
904 774 1097 806 vocantur
1121 765 1335 817 dignitates
1362 767 1623 817 planetarum,
1647 775 1686 807 et
1713 776 1808 809 sunt

311 839 477 879 nomina
491 849 628 877 earum
642 833 878 886 significativ
880 847 902 872 a
919 846 989 884 per
1005 832 1309 872 similitudinem
1326 840 1486 883 sumpta
1501 846 1524 872 a
1539 834 1807 884 potestatibus

311 905 412 957 regis
444 913 482 944 et
513 901 786 954 dignitatibus,
810 908 849 940 et
881 914 960 951 que
985 900 1198 939 dicuntur:
1232 901 1402 947 Domus,
1428 899 1645 948 Exaltacio,
1666 900 1809 952 Tripli-
1831 917 1873 942 10

311 973 422 1020 citas,
446 969 597 1018 Facies,
619 967 847 1007 Terminus.

369 1039 457 1078 Rex
489 1037 597 1076 enim
633 1033 799 1084 quando
832 1040 890 1072 est
923 1031 963 1070 in
996 1033 1121 1071 domo
1149 1045 1220 1070 sua
1246 1038 1306 1071 est
1336 1030 1377 1069 in
1402 1031 1574 1070 maxima
1601 1015 1807 1084 dignitate

314 1105 493 1154 Quando
523 1115 617 1141 v·ero
647 1108 706 1139 est
741 1106 849 1138 extra
879 1099 1048 1138 domum
1079 1106 1118 1137 et
1148 1096 1347 1148 palacium
1367 1096 1492 1136 alibi
1484 1111 1525 1136 in
1546 1111 1668 1149 regno
1687 1099 1811 1139 habet

313 1170 551 1222 dignitatem
574 1174 612 1207 et
629 1165 930 1213 sublimitatem,
953 1172 1012 1203 set
1034 1177 1115 1203 non
1138 1171 1247 1202 tanta
1269 1163 1391 1203 utitur
1411 1164 1514 1203 sicut
1535 1164 1575 1202 in
1595 1164 1752 1215 palacio
1772 1172 1812 1206 et

314 1237 451 1277 domo.
513 1236 564 1274 Et
604 1233 697 1272 ideo
730 1231 875 1271 dicitur
898 1231 1085 1289 ¹secunda
1119 1230 1291 1282 dignitas
1331 1238 1369 1269 et
1409 1237 1574 1269 vocatur
1604 1231 1810 1273 exaltacio.
1833 1247 1871 1281 15

316 1304 495 1354 Quando
527 1315 621 1341 vero
654 1307 713 1340 est
746 1299 847 1338 inter
879 1298 1030 1338 amicos
1066 1306 1229 1338 vocatur
1263 1298 1480 1349 triplicitas,
1508 1299 1605 1351 quia
1635 1300 1812 1350 perfecta

314 1369 497 1409 amicicia
517 1381 600 1407 non
622 1374 680 1406 est
698 1365 772 1404 nisi
794 1367 835 1403 in
856 1364 993 1412 tribus,
1016 1372 1059 1403 ut
1086 1364 1226 1404 caritas
1250 1364 1355 1403 Patri
1386 1374 1424 1405 et
1456 1366 1544 1405 Filii
1575 1373 1614 1405 et
1644 1366 1812 1417 Spiritus

316 1436 465 1474 Sancti.
525 1433 705 1483 Quando
721 1444 814 1471 vero
836 1431 986 1470 relucet
1007 1431 1129 1469 virtus
1143 1431 1229 1481 ejus
1250 1444 1384 1471 coram
1399 1431 1632 1472 hominibus
1648 1439 1813 1472 vocatur

317 1501 449 1549 facies,
479 1508 518 1540 et
551 1499 697 1539 dicitur
728 1497 784 1537 sic
815 1496 908 1548 quia
934 1496 1054 1536 facies
1086 1496 1296 1536 manifesta
1327 1505 1386 1537 est
1415 1511 1484 1549 pre
1514 1499 1600 1537 aliis
1629 1498 1810 1549 partibus

317 1567 506 1618 corporis.
578 1565 756 1615 Quando
777 1577 871 1603 vero
892 1570 951 1602 est
972 1562 1012 1601 in
1035 1562 1214 1602 terminis
1235 1562 1296 1602 sui
1316 1563 1426 1614 regni
1447 1571 1543 1604 tunc
1565 1564 1732 1604 minima
1752 1572 1812 1605 est
1834 1581 1874 1606 κο

319 1632 504 1684 dignitas,
528 1639 566 1671 et
588 1632 681 1671 ideo
703 1631 843 1681 quinta
873 1629 1045 1680 dignitas
1071 1637 1234 1668 vocatur
1254 1629 1459 1669 terminus.
1510 1633 1562 1670 Et
1583 1629 1640 1670 sic
1661 1631 1813 1670 metha·

317 1699 482 1750 phorice
516 1698 704 1738 dicuntur
729 1695 943 1748 dignitates
971 1697 1232 1746 planetarum.
1286 1697 1337 1734 Et
1358 1696 1531 1747 dignitas
1552 1697 1698 1736 domus
1719 1710 1812 1736 con-

317 1765 417 1805 tinet
457 1763 671 1816 quinquies
710 1762 946 1813 dignitatem
987 1761 1171 1809 termini:
1200 1762 1392 1801 exaltacio
1432 1762 1613 1802 continet
1643 1770 1814 1814 quatuor

318 1831 510 1871 terminos
528 1846 538 1880 3
568 1829 773 1880 triplicitas
794 1828 866 1867 tria
887 1827 1079 1867 terminos
1098 1843 1107 1876 3
1137 1828 1257 1867 facies
1278 1829 1381 1867 duos
1404 1829 1606 1868 terminos.

374 1897 593 1938 Sciendum
610 1896 727 1947 igitur
741 1896 851 1946 quod
861 1894 1029 1945 quilibet
1046 1896 1207 1945 planeta
1222 1894 1344 1934 habet
1361 1895 1412 1934 de
1425 1909 1594 1934 numero
1609 1894 1812 1946 signorum
1834 1912 1873 1945 ²5

319 1966 419 2003 duas
452 1965 608 2012 domos,
650 1970 780 2014 preter
819 1962 954 2000 Solem
994 1968 1032 1999 et
1069 1962 1238 1999 Lunam.
1300 1962 1423 2000 Unde
1459 1961 1651 2000 Saturnus
1690 1961 1813 2002 habet

319 2030 611 2081 Capricornum
640 2037 679 2068 et
700 2027 946 2079 Aquarium:
977 2026 1132 2078 Jupiter
1160 2026 1414 2078 Sagittarium
1442 2035 1480 2067 et
1509 2027 1671 2067 Pisces:
1702 2029 1813 2068 Mars

319 2096 529 2148 Scorpium
570 2104 608 2136 et
648 2095 854 2134 Arietem:
895 2083 1035 2133 Venus
1071 2093 1231 2132 Libram
1272 2100 1311 2132 et
1350 2095 1554 2133 Taurum:
1588 2092 1812 2134 Mercurius

320 2163 517 2203 Geminos
557 2170 596 2201 et
635 2161 867 2212 Virginem:
909 2162 1024 2198 Luna
1063 2160 1184 2199 habet
1207 2160 1452 2199 ‘Cancrunw
1494 2160 1574 2207 Sol,
1617 2161 1811 2200 Leonem.

322 2230 526 2278 Quoniam
555 2240 647 2267 vero
676 2234 816 2265 auctor
854 2225 965 2264 istius
1001 2225 1088 2264 libri
1116 2238 1198 2263 non
1228 2224 1404 2276 loquitur
1433 2224 1507 2264 nisi
1529 2226 1580 2265 de
1610 2225 1811 2276 domibus,
1833 2244 1875 2278 30

320 2303 359 2334 et
399 2294 511 2345 quasi
553 2293 674 2333 nichil
714 2294 765 2332 de
804 2291 901 2339 aliis,
944 2291 1038 2331 ideo
1077 2291 1238 2331 dimitto
1278 2290 1466 2342 prosequi
1505 2291 1601 2330 alias
1641 2299 1813 2342 quatuor

321 2361 547 2412 dignitates.

377 2427 566 2466 Similiter
579 2434 735 2478 oportet
752 2425 851 2464 scire
866 2438 937 2476 pro
954 2424 1030 2463 isto
1047 2424 1148 2463 libro
1169 2424 1280 2474 quod
1297 2424 1472 2474 quedam
1494 2423 1814 2474 signa<dicuntur

322 2493 554 2541 masculina,
578 2493 752 2544 quedam
768 2491 971 2539 feminina,
988 2499 1026 2530 et
1040 2492 1199 2542 planete
1216 2489 1405 2529 similiter.
1449 2491 1501 2528 Et
1514 2491 1589 2529 hec
1616 2489 1621 2543 Ι
1647 2489 1813 2530 nomina

322 2567 414 2598 sunt
455 2560 642 2598 translata
683 2557 852 2609 planetis
893 2565 931 2597 et
970 2556 1092 2608 signis
1132 2555 1349 2607 figurative,
1380 2555 1474 2607 quia
1513 2557 1714 2595 masculus
1752 2564 1812 2596 est
1832 2565 1873 2600 35

324 2624 484 2675 majoris
516 2624 669 2663 virtutis
704 2631 743 2664 et
781 2623 930 2663 femina
960 2622 1135 2670 minoris,
1173 2630 1215 2660 ut
1251 2621 1432 2661 videmus
1462 2621 1502 2660 in
1532 2621 1721 2661 omnibus
1751 2614 1813 2661 vel
1864 2669 1870 2674 ι

324 2690 569 2738 hominibus,
597 2690 689 2729 ideo
710 2691 870 2741 planete
891 2697 929 2728 et
951 2689 1062 2740 signa
1088 2689 1247 2738 majoris
1272 2687 1426 2727 virtutis
1453 2687 1641 2727 dicuntur
1661 2699 1813 2726 mascu-
