1908 3126
790 112 867 153 151

87 227 132 262 et
153 220 420 261 diminuetur
442 219 566 260 labor
584 226 682 259 tuus
701 217 742 258 in
759 217 1010 271 proceribus
1032 216 1134 267 tuis,
1149 215 1359 270 quoniam
1384 214 1567 268 quilibet

89 302 240 330 eorum
265 295 386 343 reget
408 303 464 331 .x.
487 287 711 329 inferiores
734 300 780 327 se
803 287 845 327 in
868 286 1007 341 gradu
1030 299 1121 335 suo,
1143 292 1186 326 et
1208 285 1269 326 sic
1292 283 1568 325 alleviabitur

90 372 202 414 opus
231 359 275 400 in
303 359 389 400 eis:
423 364 467 400 et
496 364 731 412 preceptor
758 363 861 399 tuus
889 354 1200 397 immediatus¹
1230 355 1284 395 sit
1320 352 1502 395 callidus
1526 359 1570 394 et

90 428 283 481 prudens
305 428 523 481 disponen

51 562 69 592 5
148 549 213 588 Dc
234 548 379 589 scriba
400 547 503 589 bono
523 545 668 587 dando
680 545 943 600 proceribus.

149 635 208 676 Et
231 634 526 676 necessarium
549 639 616 673 est
639 631 892 685 proceribus
918 630 1082 670 habere
1103 629 1291 670 scribam
1319 628 1563 681 sapientem
1587 624 1660 689 §0¹33
1675 625 1827 692 2232333

88 717 291 758 sagacem
319 702 494 744 fidelem
525 701 877 743 considerantem
907 696 1215 752 approlbatum
1244 697 1286 738 in
1315 696 1488 746 milicia,
1511 710 1565 738 ne
1587 713 1647 745 114
1668 705 1700 737 b.

88 773 261 815 valeant
299 785 503 827 proceres
536 770 752 823 corrumpi
787 768 988 810 denariis.
1068 766 1266 820 Inquiras
1301 766 1433 820 igitur
1470 766 1567 807 dili·
1586 759 1745 820 figfftffiff

89 850 243 896 genter
273 841 572 895 cogitaciones
593 853 757 888 eorum,
782 844 826 879 et
849 837 1028 891 quando
1051 836 1264 890 percipies
1286 835 1454 888 aliquid
1478 835 1567 876 tale

30 923 71 946 ¹0
88 912 155 953 vel
177 911 369 966 aliquem
391 910 540 959 talem,
565 922 744 950 remove
767 921 883 959 eum,
902 914 946 948 et
968 905 1124 960 collige
1147 919 1221 946 eos
1247 905 1486 946 ostendens
1507 905 1569 946 eis

87 981 207 1035 quod
232 981 275 1022 in
299 980 548 1022 remocione
570 992 648 1019 sua
669 975 902 1032 providisti
924 975 998 1017 eis.
1062 974 1254 1028 Oportet
1279 987 1384 1029 ergo
1406 980 1450 1015 te
1473 987 1569 1015 esse

88 1050 366 1092 tractabilem
384 1049 590 1091 curialem
610 1060 697 1088 non
721 1051 1070 1100 contemptorem
1090 1043 1370 1098 quorundam
1388 1050 1570 1097 propter

86 1119 209 1161 alios.

147 1244 214 1285 De
236 1243 527 1285 instrumento
553 1241 699 1283 bellico
719 1239 973 1281 excercitum
1001 1236 1268 1279 coadunante
1289 1243 1330 1277 et
1351 1235 1568 1289 deforma

31 1320 68 1352 ¹5
87 1313 275 1368 ejusdem
299 1311 597 1355 instrumenti.

148 1399 208 1440 Et
239 1406 416 1454 oportet
459 1405 504 1439 te
547 1404 693 1438 tecum
730 1395 894 1436 habere
931 1393 1039 1434 illud
1074 1393 1411 1432 instrumentum
1446 1392 1566 1444 quod
1586 1394 1821 1456 ffl‘fflsgfnfefmi.

90 1467 190 1510 fecit
211 1469 452 1510 Temistius
481 1469 538 1509 ad
561 1480 674 1521 opus
695 1464 944 1506 excercitus
971 1462 1027 1504 ad
1059 1462 1322 1509 nocendum,
1345 1466 1388 1500 et
1410 1466 1476 1501 est
1503 1460 1566 1500 in·
1587 1463 1674 1489 Μῶν

89 1545 384 1580 strumentum
403 1538 595 1580 terribile
617 1536 737 1590 quod
753 1533 962 1575 dividitur
980 1532 1129 1573 multis
1149 1529 1321 1578 ῐῐιοόίε,2
1335 1530 1438 1584 quia
1456 1530 1568 1571 forte

88 1609 310 1663 oportebit
333 1617 376 1650 te
393 1622 550 1650 vocare
572 1613 712 1648 totam
737 1604 1005 1659 provinciam
1023 1608 1147 1643 tuam
1167 1607 1210 1641 et
1228 1613 1411 1653 regnum
1428 1605 1566 1648 tuum,

29 1690 70 1712 20
88 1687 132 1721 et
154 1692 422 1733 congregare
445 1679 594 1719 subito
617 1688 819 1730 proceres
842 1681 943 1715 tuos
967 1671 1201 1713 bellatores
1225 1678 1324 1711 tuos
1347 1670 1388 1710 in
1411 1670 1566 1710 eadem

89 1749 161 1790 die
197 1750 264 1790 vel
309 1749 453 1800 cicius,
486 1747 555 1788 vel
592 1745 742 1799 aliquo
787 1744 920 1785 modo
954 1749 1086 1796 prout
1122 1740 1290 1793 indiget
1324 1739 1567 1780 excercitus

90 1832 274 1873 magnus
331 1825 374 1859 et
427 1829 699 1865 numerosus,
751 1826 854 1854 nam
912 1811 1042 1864 hujus
1104 1809 1378 1850 instrumenti
1434 1820 1567 1848 sonus

88 1888 264 1930 auditur
305 1902 382 1942 per
425 1885 609 1928 miliaria
651 1882 895 1936 sexaginta.
973 1880 1072 1920 Hoc
1115 1885 1181 1918 est
1225 1890 1359 1919 cornu
1406 1889 1564 1917 eneum
1590 1900 1592 1902 ν

87 1956 270 1998 artificio
303 1956 491 1998 mirabili
522 1955 803 2001 fabricatum,
828 1965 916 2004 quo
949 1964 1006 1991 ex
1034 1948 1105 1990 .lx‚
1136 1947 1332 1988 miliariis
1364 1952 1564 1999 tempore
1583 1949 1833 2016 ξξοζινξῐξῖῑέὲηῶιξὲο

29 2036 67 2069 25
89 2026 189 2068 belli
210 2040 336 2068 suum
359 2026 630 2067 excercitum
653 2022 937 2070 convocabat,
955 2027 998 2060 et
1022 2018 1256 2071 regebatur
1279 2029 1412 2057 cornu
1436 2029 1564 2056 sexa-
1584 2018 1662 2044 miles
1676 2018 1774 2045 round-

87 2097 208 2150 ginta
229 2096 481 2138 hominibus
505 2100 689 2150 propter
706 2092 770 2134 sui
793 2088 1144 2143 magnitudinem
1162 2093 1206 2128 et
1222 2084 1562 2127 inestimabilem

87 2165 335 2216 artificium,
367 2172 410 2206 et
441 2162 676 2206 verisimile
709 2169 774 2203 est
806 2159 925 2213 quod
959 2157 1097 2198 multa
1135 2154 1410 2196 metallorum
1448 2167 1556 2194 reso-

86 2236 288 2276 nancium
322 2249 483 2289 genera
515 2235 558 2274 in
589 2231 684 2286 ejus
710 2228 1032 2284 composicione
1058 2224 1387 2272 concurrebant,
1411 2229 1454 2263 et
1482 2223 1563 2263 hec

87 2312 154 2346 est
177 2305 317 2346 forma
340 2318 486 2346 cornu.

25 2506 68 2535 30
140 2496 151 2516 ¹
183 2494 265 2542 tibi,
290 2492 454 2539 scilicet,
475 2491 543 2541 qui
565 2496 624 2528 est
652 2489 802 2539 primus
833 2492 871 2524 et
901 2482 1078 2522 similiter
1098 2493 1238 2520 omnes
1260 2479 1336 2526 alii,
1358 2480 1420 2518 vel
1441 2479 1561 2516 inme-

85 2548 215 2588 diatus
235 2547 398 2587 cuilibet
418 2543 568 2596 gradui.

101 2645 105 2648 ,
140 2604 152 2624 ²
182 2603 286 2642 bene
306 2601 399 2641 dico
420 2606 576 2650 oportet
597 2605 636 2636 te
657 2597 804 2635 habere
826 2595 922 2633 illud
943 2592 1262 2630 instrumentum.

106 2743 112 2747 ·
136 2742 172 2770 14
197 2731 352 2770 Chapter
369 2738 419 2759 cx.
442 2726 480 2757 V.
