1908 3126
776 121 857 168 155

74 227 347 283 premissum,
368 234 411 267 et
429 226 564 280 juxta
582 227 808 270 historiam
828 237 871 271 et
887 228 1123 282 qualitates
1140 242 1216 269 seu
1239 227 1554 282 disposicioncs
1572 244 1628 269 and
1643 243 1681 276 by
1692 242 1807 270 mansa

74 297 257 339 sciencie
280 301 515 346 astrorum,
537 297 649 338 sicut
672 297 802 339 docui
829 297 978 352 prius.1
1571 277 1752 304 ⁰f¹he⁵‘³‘5·

137 466 174 509 C
170 466 340 521 apimlu
346 481 387 507 m
403 478 482 509 .20.
499 467 551 508 de
563 467 762 509 eleccione
781 470 981 522 temporis
987 476 1070 521 pro
1085 468 1204 510 bellis
1217 468 1422 522 agredz'en
1429 467 1552 509 tibus.
1795 456 1841 507 L

1569 640 1629 657 cess
1644 631 1701 656 Leo
1714 635 1788 656 must

197 657 423 711 posicione
455 657 833 711 supracelestium,
860 660 1079 700 constitue
1107 658 1452 700 ascendentem2
1474 671 1550 699 seu
1570 665 1646 725 3331
1661 664 1816 724 zhnzatfficgn-

73 726 283 768 orientem
314 726 355 767 in
384 725 549 778 Leone,
572 733 616 768 et
645 728 875 782 tempera3
900 728 1075 769 Lunam
1098 728 1167 769 vel
1196 728 1549 770 dominacionem
1568 732 1839 800 Jlggctwitghoffilm

72 795 165 849 ejus
187 796 307 849 quod
331 797 386 837 sit
405 796 448 836 in
465 797 585 838 bono
607 797 703 838 loco
720 811 777 838 ex
796 799 1080 848 ascendente,
1094 804 1136 839 et
1152 804 1298 839 statue
1320 797 1549 839 dominum
1588 789 1591 792 ’

72 864 382 907 ascendentis4
412 866 455 906 in
486 866 694 907 domibus
725 866 892 916 Martis,
916 874 960 908 et
989 880 1077 908 non
1103 866 1286 908 omittas
1308 867 1518 907 visionem
1545 865 1549 920 1

77 934 234 978 Martis
254 935 346 977 sive
367 934 655 989 triplicitate.5
717 936 776 977 Et
803 936 1033 978 considera
1060 942 1164 978 tunc
1194 949 1373 978 omnem
1397 949 1550 989 opera-
1574 944 1631 974 118
1649 953 1678 973 a.

16 1019 56 1042 10
72 1005 239 1048 cionem
261 1004 387 1060 cujus
409 1012 610 1047 naturam
633 1011 676 1046 et
701 1006 933 1047 materiam
951 1006 1016 1047 vis
1034 1005 1194 1047 habere
1217 1020 1274 1047 ex
1296 1004 1483 1059 planetis
1506 1010 1549 1045 et

0 587 1 591 ’
78 587 364 722 QUando
388 601 494 641 ergo
516 588 583 629 vis
605 589 815 642 consequi
845 589 1101 631 firmitatem
1133 589 1346 644 propositi
1378 603 1434 630 ex
1464 589 1550 630 dis-
1570 597 1613 624 To
1626 605 1726 623 ensure
1740 604 1801 621 sue-

36 683 53 715 5

127 1169 138 1189 ¹
170 1169 278 1207 Nota
317 1167 382 1207 hic
415 1166 620 1207 historiam
660 1169 923 1214 Amazonum,
965 1180 1131 1217 quarum
1180 1166 1250 1205 viri
1299 1167 1455 1205 fuerunt
1504 1166 1554 1205 de
1573 1176 1826 1210 Thestoryofthe

71 1222 232 1273 Scythia
252 1230 291 1261 et
312 1223 470 1273 Scythe‚
492 1230 531 1275 et
556 1223 631 1261 hec
652 1221 760 1272 regio
781 1229 839 1260 est
860 1223 959 1260 ultra
981 1221 1232 1260 Alemaniam
1253 1222 1304 1260 ad
1324 1220 1553 1270 aquilonem
1573 1216 1720 1240 Am³²0¹¹⁵·

72 1284 233 1316 extensa
263 1277 512 1328 longitudine
541 1278 593 1316 ad
623 1278 723 1315 fines
752 1275 915 1315 orientis
945 1277 1045 1314 ultra
1074 1277 1223 1315 flumen
1244 1274 1414 1314 Tanaim
1442 1275 1553 1325 quod

71 1331 189 1370 currit
210 1331 312 1371 inter
332 1333 535 1383 Europam
558 1339 597 1371 et
615 1331 754 1371 Asiam
777 1332 987 1381 Majorem.
1048 1332 1111 1369 De
1140 1329 1300 1380 Scythia
1329 1342 1422 1379 ergo
1451 1328 1554 1367 circa

17 1397 53 1429 ¹5
72 1387 221 1426 flumen
256 1386 427 1426 Tanaim
457 1394 652 1426 venerunt
684 1393 824 1437 gentes
864 1398 942 1436 que
972 1398 1079 1423 nunc
1109 1392 1302 1423 vocantur
1335 1383 1485 1431 Gothii,
1516 1391 1554 1421 et

71 1442 195 1480 duces
235 1455 373 1480 eorum
407 1443 567 1481 fuerunt
604 1442 686 1480 duo
723 1441 890 1490 juvenes
930 1439 1034 1490 regii,
1076 1447 1115 1478 et
1152 1440 1290 1477 fraude
1324 1445 1554 1488 magnatum

71 1497 230 1535 fuerunt
250 1495 403 1547 expulsi
423 1497 474 1535 de
495 1509 628 1547 regno.
688 1495 769 1545 Qui
790 1494 1022 1545 colligentes
1051 1507 1235 1544 magnam
1258 1492 1554 1531 multitudinem

70 1551 261 1601 Juvenum
283 1550 489 1602 pecierunt
519 1559 649 1601 partes
671 1550 766 1589 Asie
796 1558 834 1588 et
864 1550 1028 1588 tandem
1056 1550 1217 1598 Europe
1247 1561 1338 1586 cum
1367 1545 1555 1586 uxoribus

72 1604 151 1644 suis
182 1613 220 1644 et
250 1606 439 1644 omnibus
469 1605 597 1652 bonis,
632 1612 671 1644 et
700 1611 982 1655 oppresserunt
1014 1604 1157 1642 multas
1188 1610 1338 1653 gentes.
1397 1600 1555 1651 Quibus

16 1674 56 1696 20
73 1666 208 1698 tamen
239 1661 403 1699 tandem
428 1659 606 1707 mortuis,
638 1673 779 1699 uxores
811 1658 1045 1698 occiderunt
1079 1671 1220 1696 omnes
1255 1656 1358 1695 viros
1389 1669 1482 1695 suos
1517 1662 1555 1694 et

72 1727 181 1753 arma
214 1714 417 1765 capientes
456 1714 684 1754 invaserunt
716 1713 864 1752 vicinas
895 1720 1033 1764 gentes
1069 1712 1327 1762 subjugantes
1366 1723 1444 1750 eas,
1504 1711 1555 1748 Et

72 1768 165 1819 quia
186 1771 399 1809 noluerunt
419 1769 566 1809 habere
585 1769 689 1808 viros
710 1770 761 1808 de
788 1768 880 1815 suis,
908 1769 1114 1818 pecierunt
1134 1774 1242 1806 certo
1262 1765 1356 1804 anni
1376 1773 1556 1815 ternpore

72 1823 308 1863 concubitus
347 1837 369 1863 a
402 1823 541 1863 vicinis
578 1823 764 1875 gentibus
804 1822 1035 1873 subjugatis,
1071 1830 1109 1861 et
1144 1834 1284 1860 omnes
1323 1820 1424 1858 filios
1463 1832 1556 1857 suos

72 1879 317 1927 occiderunt,
354 1878 453 1917 filias
483 1886 637 1918 tantum
677 1885 931 1924 reservantes,
963 1890 1131 1927 quarum
1156 1888 1351 1914 mammas
1380 1874 1556 1912 sinistras

15 1941 52 1974 ²5
71 1932 329 1973 absciderunt
348 1933 400 1972 ab
421 1933 606 1981 infancia,
629 1941 667 1972 et
688 1933 781 1972 ideo
805 1932 912 1971 dicte
934 1940 1026 1970 sunt
1054 1933 1290 1976 Amazones,
1314 1929 1355 1967 id
1376 1934 1446 1975 est,
1469 1927 1554 1966 sine

74 2001 258 2027 mamma.
316 1990 367 2027 Et
388 1989 466 2027 hoe
485 1989 664 2027 fecerunt
685 1995 845 2039 propter
862 2000 979 2025 usum
1001 1984 1223 2036 sagittandi.
1283 1985 1374 2032 Que
1389 1995 1555 2032 occupa-

73 2050 214 2081 verunt
248 2043 437 2082 naciones
472 2045 616 2082 multas
648 2057 718 2094 per
747 2041 901 2081 circiter
935 2042 1042 2079 mille
1073 2052 1200 2078 annos
1235 2051 1362 2087 usque
1396 2044 1554 2086 tempus

73 2097 289 2137 Alexandri
309 2097 449 2148 Magni
470 2105 508 2137 et
528 2097 743 2137 Aristotilis
764 2104 801 2136 et
823 2097 934 2135 ultra.

127 2152 140 2172 ²
169 2153 210 2191 id
231 2159 301 2200 est,
323 2154 434 2203 quod
456 2154 540 2191 Leo
560 2152 609 2191 sit
628 2152 669 2191 in
688 2152 946 2191 ascendente.

15 2217 56 2248 30
128 2208 141 2228 ³
168 2207 290 2254 aliter,
313 2221 461 2258 repara.

127 2263 138 2281 ⁴
170 2261 334 2309 scilicet,
352 2262 499 2311 Solem,
517 2262 610 2313 quia
630 2262 776 2300 domus
798 2259 900 2299 Solis
921 2266 979 2298 est
1001 2260 1096 2297 Leo.

127 2316 140 2335 ³
167 2316 392 2367 Triplicitas
414 2317 556 2356 Martis
577 2316 697 2355 habet
711 2316 783 2355 tria
804 2314 925 2365 signa,
947 2312 1106 2360 scilicet,
1125 2310 1301 2350 Arietem
1322 2316 1360 2348 et
1377 2310 1553 2347 Leonem
1572 2317 1634 2343 ‘she
1648 2315 1785 2350 triplicity
1799 2317 1830 2343 of

73 2378 112 2410 et
132 2371 396 2422 Sagittarium,
415 2371 509 2422 quia
530 2379 622 2411 sunt
643 2370 754 2421 signa
774 2369 913 2416 calida,
936 2375 974 2407 et
990 2374 1048 2406 est
1068 2364 1271 2417 triplicitas
1291 2377 1370 2402 una
1391 2362 1557 2413 dignita<
1574 2352 1662 2378 mars·

73 2433 157 2464 tum
193 2427 362 2476 planete,
386 2434 429 2464 ut
458 2428 498 2464 in
530 2425 725 2476 principio
756 2423 845 2462 libri
877 2421 1100 2473 expositum
1133 2427 1202 2459 est.
1262 2420 1376 2465 Item,
1409 2418 1554 2456 domus
1573 2424 1659 2450 What
1673 2423 1696 2450 is
1710 2423 1757 2449 the

15 2485 53 2518 35
73 2493 154 2520 uno
186 2481 309 2520 modo
340 2489 504 2519 vocatur
528 2479 770 2520 duodecima
808 2491 896 2529 pars
936 2476 1009 2515 celi
1042 2474 1273 2525 incipiendo
1307 2472 1358 2511 ab
1390 2471 1556 2519 oriente,
1572 2457 1840 2490 h⁰⁰³e⁰f³p¹³“⁶t'

73 2543 112 2574 et
143 2542 236 2574 sunt
274 2543 351 2575 tres
391 2536 465 2574 sub
501 2535 677 2574 orizonte
708 2546 836 2584 usque
866 2532 918 2571 ad
952 2530 1142 2580 angulum
1182 2536 1292 2575 terre,
1329 2534 1367 2566 et
1393 2534 1470 2565 tres
1503 2526 1554 2564 ab

73 2603 122 2628 eo
153 2603 279 2640 usque
312 2591 364 2628 ad
399 2589 599 2638 occidens,
634 2598 673 2628 et
704 2597 800 2627 tunc
831 2595 909 2625 tres
941 2598 1057 2635 super
1095 2584 1313 2622 orizontem
1345 2593 1472 2631 usque
1503 2580 1555 2619 ad

76 2644 251 2684 medium
273 2645 358 2693 celi,
383 2652 421 2683 et
441 2652 536 2683 tunc
556 2653 634 2684 tres
655 2656 782 2693 usque
801 2643 853 2680 ad
867 2641 1072 2679 orientem.
1145 2637 1236 2676 Alio
1262 2637 1385 2675 modo
1412 2634 1556 2674 dicitur

27 2693 43 2740 ‚²
70 2699 217 2749 domus
244 2700 414 2749 planete,
436 2707 475 2738 et
496 2699 552 2738 sic
573 2700 719 2738 domus
739 2696 883 2736 dicitur
903 2694 1058 2745 signum
1079 2692 1244 2743 aliquod
1265 2690 1304 2728 in
1325 2691 1429 2749 celo,
1448 2690 1556 2727 unde

14 2765 56 2796 40
76 2753 220 2792 domus
253 2753 393 2792 Martis
417 2761 509 2793 sunt
538 2754 629 2800 due,
653 2752 813 2798 scilicet,
846 2749 960 2788 Aries
984 2756 1022 2787 et
1050 2746 1249 2797 Scorpius,
1277 2753 1335 2784 set
1363 2746 1476 2783 Anes
1497 2751 1556 2782 est
