1908 3126
822 128 843 169 7

96 226 257 277 magica.
293 229 447 267 Tamen
464 230 561 267 finnt
577 231 699 268 multa
714 229 916 276 mirabilia,
929 229 1039 268 utilia
1052 231 1320 281 temporaliter
1333 230 1573 280 quibusdam

94 299 132 331 et
153 292 294 331 nociva
322 293 419 341 aliis,
443 302 501 333 set
531 296 604 333 hec
637 296 735 334 fiunt
767 308 835 345 per
865 296 1058 334 demones
1089 295 1336 334 invisibiliter
1365 303 1576 346 operantes

94 366 131 396 et
162 360 391 407 revelantes,
420 362 673 411 permittente
707 363 795 399 Deo
826 360 926 399 sicut
958 361 1089 399 David
1120 361 1216 400 dicit
1246 361 1297 400 de
1327 361 1574 399 revelacione

12 477 13 483 ἵ
93 424 312 462 demonum
341 425 571 464 hominibus
599 425 822 476 nephandis
850 426 977 464 ‘misit
1004 427 1041 464 in
1065 440 1132 465 eos
1155 425 1250 465 iram
1280 425 1573 476 indignacionis

56 498 73 530 5
94 501 174 536 sue,
197 488 449 530 inmissiones
471 504 540 541 pei·
559 493 722 542 angelos
745 493 869 530 malos
887 492 903 529 '.

148 553 212 593 Sic
249 556 488 605 geomantici
530 557 678 595 faciunt
718 558 937 595 karacteres
978 566 1014 595 et
1058 559 1198 607 figuras
1243 557 1282 594 in
1323 557 1496 607 pulvere,
1533 563 1571 595 et

93 620 260 659 credunt
281 634 323 660 se
344 634 413 671 per
432 630 556 660 artem
579 622 677 661 scire
705 623 834 660 futura
855 630 892 661 et
915 622 1112 672 presentia
1133 624 1290 661 occulta
1311 630 1349 661 et
1375 623 1569 672 preterita,

93 692 131 724 et
151 686 292 724 sedent
314 688 353 724 in
378 687 555 737 partibus
583 687 852 726 transmarinis
874 687 913 725 in
935 689 1020 726 soro
1041 696 1078 726 et
1104 689 1188 726 aliis
1211 689 1306 726 locis
1328 686 1508 738 publicis,
1533 696 1572 726 et

92 750 257 790 veniunt
285 753 336 790 ad
368 765 436 791 eos
466 754 534 791 viri
567 761 604 792 et
636 753 819 792 mulieres
850 767 991 792 omnes
1027 767 1097 803 pro
1129 754 1305 803 negociis
1335 752 1502 792 occultis
1532 761 1571 792 et

6 850 7 870 3
35 828 74 851 ιο
91 816 230 856 futuris
257 819 481 868 querendis.
545 821 594 857 Et
626 821 778 869 fingunt
807 833 847 858 se
875 819 1026 869 operari
1052 832 1120 869 per
1147 818 1329 857 virtutem
1356 819 1567 864 stellarum,

91 890 129 922 et
151 882 242 922 ideo
262 884 411 923 faciunt
434 885 575 934 figuras
596 898 686 923 suas
710 886 761 923 ad
790 884 1089 923 similitudinem
1111 885 1323 930 stellarum,
1348 891 1386 923 et
1407 891 1573 922 utuntur

92 948 295 987 vocabulis
319 950 607 997 astronomicis,
637 959 673 989 et
702 949 815 989 multi
836 949 904 988 viri
933 951 1073 988 famosi
1100 949 1139 987 in
1165 948 1299 987 studio
1324 948 1457 988 infecti
1480 958 1570 987 sunt

93 1015 234 1052 nostris
270 1016 516 1065 temporibus
553 1015 591 1053 in
627 1016 714 1054 hiis.
776 1017 826 1054 Et
863 1015 1040 1053 similiter
1078 1014 1153 1053 alie
1189 1014 1342 1064 magice
1378 1022 1491 1061 artes,
1529 1023 1571 1052 ut

91 1080 347 1129 ydromancia
367 1094 445 1131 que
467 1082 509 1120 fit
531 1083 567 1119 in
591 1095 705 1132 aqua,
729 1081 822 1131 qnia
846 1085 853 1100 ‘
867 1082 986 1131 ydor'
1011 1082 1137 1118 Grece
1159 1087 1217 1118 est
1247 1080 1394 1130 ‘aqua’
1417 1079 1570 1126 Latine,

2 1174 4 1207 ζ
35 1154 71 1187 15
92 1152 130 1184 et
150 1145 389 1185 aerimancia
405 1146 445 1185 in
460 1160 561 1195 aere,
579 1157 617 1186 et
639 1148 894 1198 pyromancia
912 1148 949 1184 in
967 1146 1056 1197 igne
1078 1154 1169 1185 sunt
1189 1158 1364 1193 erronee,
1388 1153 1426 1184 et
1448 1146 1572 1183 multe

90 1210 176 1259 alie,
191 1212 243 1250 de
263 1212 409 1262 quibus
423 1227 504 1252 non
519 1221 577 1252 est
595 1213 811 1252 dicendum
826 1215 876 1251 ad
895 1226 1067 1263 presens,
1085 1219 1143 1251 set
1164 1224 1234 1262 pro
1251 1218 1359 1250 certo
1376 1211 1571 1250 demones

91 1277 256 1316 occultis
277 1279 589 1318 revelacionibus
612 1281 783 1318 illudunt
805 1280 870 1317 eis.

147 1344 197 1381 Et
232 1345 463 1394 hujusmodi
498 1344 700 1383 illusiones
733 1346 842 1391 fiunt,
875 1352 943 1383 aut
978 1352 1136 1394 propter
1168 1342 1443 1382 infidelitatem
1478 1342 1570 1380 talia

89 1409 347 1459 querencium
378 1424 399 1449 a
430 1410 601 1461 magicis,
625 1419 692 1449 aut
724 1418 883 1461 propter
912 1409 1187 1448 infidelitatem
1217 1407 1472 1459 magicorum,
1502 1414 1570 1445 aut

33 1485 72 1508 20
90 1482 250 1525 propter
279 1484 442 1526 peccata
471 1476 546 1514 alia
576 1484 835 1526 utrorumque
864 1475 995 1526 gravia
1025 1474 1170 1525 quibus
1206 1473 1468 1524 implicantur,
1501 1480 1569 1510 aut

89 1548 195 1580 certe
228 1538 330 1580 mala
363 1550 401 1581 et
433 1543 573 1580 nociva
608 1541 741 1580 multis
774 1543 874 1580 fiunt
904 1554 973 1592 per
1005 1540 1180 1591 magicos
1215 1547 1374 1590 propter
1404 1545 1568 1589 peccata

89 1605 244 1645 illorum
276 1606 484 1646 hominum
516 1607 661 1657 quibus
691 1607 878 1646 accidunt
907 1606 999 1645 talia
1030 1605 1182 1644 nociva.
1243 1607 1293 1643 Et
1324 1605 1397 1643 hec
1432 1603 1567 1642 omnia

89 1678 227 1722 patent
256 1686 325 1722 per
352 1672 506 1712 infinita
533 1675 714 1723 exempla
741 1687 818 1724 que
848 1672 1101 1722 contigerunt
1131 1672 1274 1710 nostris
1306 1669 1565 1721 temporibus,

90 1746 132 1776 ut
160 1737 199 1776 in
228 1739 471 1778 maleficiatis
493 1748 531 1777 et
558 1739 643 1778 aliis
671 1737 1043 1777 innumerabilibus.
1062 1738 1113 1776 de
1135 1736 1280 1787 quibus
1301 1749 1382 1774 non
1404 1748 1567 1786 possum

32 1812 69 1844 ²5
90 1803 260 1843 scribere
289 1805 341 1843 ad
371 1805 448 1843 hoc
478 1813 646 1855 tempus.
707 1806 758 1843 Et
789 1804 840 1842 ab
868 1804 950 1843 istis
974 1803 1242 1841 karecteribus
1263 1809 1302 1840 et
1327 1801 1569 1839 carminibus

90 1877 128 1908 et
167 1869 300 1920 figuris
339 1878 377 1909 et
417 1870 604 1920 operibus
645 1869 888 1920 magicorum
930 1869 1077 1907 ultimis
1123 1868 1376 1907 descendunt
1420 1879 1569 1905 errores

88 1937 307 1974 vetularum
329 1935 601 1986 sortilegarum
623 1944 661 1974 et
682 1937 854 1973 virorum
877 1934 1065 1973 similiter.
1127 1935 1231 1972 Nam
1258 1931 1390 1972 edocti
1411 1933 1569 1971 fuerunt

70 1998 270 2051 ‘primitus
291 2015 313 2040 a
334 2000 519 2054 lnalgici5‚
544 2010 581 2040 et
604 2009 748 2040 matres
769 2002 917 2040 docent
939 2001 1048 2047 filias,
1073 2008 1110 2038 et
1133 2007 1262 2050 patres
1283 1999 1432 2037 docent
1452 1998 1565 2044 filios,

88 2073 127 2105 et
156 2067 212 2106 sic
240 2066 361 2106 crevit
388 2066 543 2105 malicia
564 2066 717 2104 infinita
739 2080 807 2117 per
830 2067 1056 2105 universum
1080 2066 1275 2103 mundum
1298 2077 1425 2114 usque
1447 2077 1565 2110 nunc,

29 2147 70 2180 30
88 2141 127 2172 et
164 2142 313 2172 crescet
353 2132 652 2172 habundantius
691 2146 818 2183 usque
859 2133 896 2170 in
937 2131 1043 2171 diem
1087 2130 1330 2170 Antichristi.
1395 2132 1447 2168 Et
1486 2143 1567 2167 non

88 2199 216 2239 solum
246 2199 402 2238 malicia
429 2198 568 2237 ultima
591 2211 669 2249 que
690 2199 915 2237 communis
941 2206 999 2236 est
1024 2198 1164 2236 vetulis
1195 2204 1233 2234 et
1255 2196 1343 2235 viris
1375 2195 1567 2245 sortilegis

88 2273 126 2304 et
147 2264 420 2312 matematicis,
442 2273 501 2304 set
522 2265 669 2315 priores
690 2264 846 2303 malicie
866 2277 1006 2302 omnes
1028 2262 1206 2313 superius
1223 2270 1465 2301 enumerate.
1518 2263 1567 2299 Et

87 2330 142 2369 sic
159 2339 386 2381 precurrent
402 2329 692 2369 Antichristum
710 2329 822 2368 multi
838 2329 1040 2380 nephandi
1063 2328 1246 2367 homines
1263 2330 1330 2378 qui
1351 2329 1567 2378 disponent

89 2398 235 2435 multos
263 2398 315 2435 ad
345 2409 494 2435 errores
523 2397 717 2446 pessimos
747 2395 991 2443 Antichristi,
1022 2394 1203 2445 quamvis
1238 2402 1276 2432 et
1310 2393 1440 2433 omnis
1472 2394 1567 2431 falsa

29 2477 67 2509 35
88 2463 267 2502 doctrina
302 2462 383 2500 sive
416 2463 452 2500 in
489 2461 744 2511 philosophia
777 2474 854 2511 que
887 2462 967 2511 jam
1001 2460 1158 2510 incepta
1190 2468 1249 2499 est
1277 2474 1300 2498 a
1335 2458 1565 2510 quindecim

88 2527 214 2575 annis,
237 2527 318 2566 sive
348 2527 495 2565 falsitas
526 2526 645 2565 studii
677 2527 768 2565 fidei
796 2540 865 2577 per
892 2526 1100 2573 hereticos,
1123 2526 1321 2564 efficacius
1346 2525 1565 2575 disponunt

88 2594 139 2632 ad
161 2601 342 2644 tempora
362 2592 606 2640 Antichristh
630 2601 668 2631 et
689 2593 773 2642 ipse
794 2600 889 2630 tunc
911 2591 1166 2630 instruendus
1183 2598 1221 2629 et
1241 2590 1477 2630 nutriendus
1500 2603 1538 2640 pt
1552 2604 1571 2627 1>

89 2660 282 2698 demones
326 2658 540 2709 replebitur
585 2657 695 2697 omni
742 2657 896 2696 malicia
937 2657 1278 2695 matematicorum
1321 2657 1566 2706 magicorum

133 2755 154 2788 3
182 2744 317 2784 David]
346 2744 400 2775 Ps.
423 2753 470 2782 77.
491 2754 542 2784 49.
