1908 3126
242 404 331 436 88b.

60 457 137 484 Gold
149 457 204 482 and
219 455 304 482 silver

60 491 88 518 in
103 491 245 523 alchemy.

60 541 172 575 Things
186 550 249 567 wax
263 541 320 567 and

60 586 142 603 wane
154 576 224 602 with
238 575 287 602 the

61 611 161 638 Moon.

61 660 237 688 Alchemical

60 702 174 723 secrets.

63 870 251 899 Distillation.

1051 49 1135 91 116

408 166 631 222 Operator
662 167 975 210 miraculorum
1011 181 1123 209 unus
1152 167 1272 208 solus
1303 173 1370 209 est
1400 166 1538 217 Deus,
1568 181 1594 208 a
1623 180 1712 221 quo
1745 166 1844 207 des-

348 237 500 280 cendit
517 236 532 261 ¹
555 238 702 279 omnis
725 239 929 292 operacio
953 237 1178 279 mirabilis.

410 307 484 349 Sic
513 321 668 350 omnes
699 306 799 349 ies²
819 314 1086 362 generantur
1117 308 1175 349 ab
1202 320 1289 348 una
1317 305 1412 348 sola
1442 305 1693 348 substancia
1707 305 1734 355 3,
1757 319 1844 347 una

350 391 429 419 sua
452 377 545 419 sola
570 377 880 432 disposicione.

411 447 613 502 Quarum
636 453 762 502 pater
783 448 786 502 Ι
807 453 874 489 est
897 446 991 496 Sol,
994 445 1012 469 4
1034 460 1223 501 quarum
1247 452 1387 487 mater
1408 419 1476 488 est
1498 445 1635 487 Luna.
1641 444 1657 469 ⁵
1863 461 1882 494 5

411 517 513 572 Que
538 518 734 573 portavit
764 517 906 571 ipsam
935 523 1140 558 naturam
1176 530 1254 571 per
1287 529 1440 558 auram
1478 515 1522 556 in
1552 514 1708 568 utero,6
1730 522 1846 557 terra

352 588 630 643 impregnata
652 596 717 630 est
739 588 797 629 ab
820 585 904 629 ea.⁷
926 576 935 586 ⁶

413 656 563 700 Hin08
599 658 762 699 dicitur
797 656 876 699 Sol
914 663 1196 698 causatorum
1227 662 1366 711 pater,
1399 655 1631 698 thesaurus
1660 655 1847 696 miracu-

350 727 506 780 lorum,
527 728 712 783 largitor
733 729 958 769 virtutum.

412 799 487 839 Ex
511 797 636 852 igne⁹
660 799 777 840 facta
794 796 828 823 1¹
853 804 918 840 est
940 804 1059 839 terra
1072 795 1117 839 ¹⁰.
1211 815 1214 819 ’
1868 811 1904 836 ιο

413 868 581 922 Separa
596 875 819 910 terrenum
835 869 892 910 ab
909 867 1092 922 igneo,¹2
1114 867 1218 921 quia
1232 866 1392 908 subtile
1407 866 1581 920 dignius
1599 871 1665 907 est
1683 878 1849 919 grosso,

353 946 397 980 et
417 953 566 981 rarum
593 939 750 994 spisso.
816 939 919 980 Hoc
952 938 1002 979 fit
1037 937 1260 991 sapienter
1290 943 1334 978 et
1367 937 1567 978 discrete.
1631 935 1861 992 Ascendit‘

352 1010 469 1051 enim
494 1010 550 1051 de
571 1015 689 1051 terra
711 1010 753 1050 in
777 1009 934 1059 celum,
957 1014 1000 1050 et
1024 1008 1111 1050 ruit
1135 1009 1191 1049 de
1212 1006 1309 1049 celo
1332 1007 1374 1048 in
1399 1004 1615 1048 terram.¹3

407 1104 420 1124 ¹
451 1116 521 1153 per
541 1102 793 1142 creacionem
815 1109 855 1140 et
875 1101 1052 1153 regimen
1074 1100 1297 1141 universale
1318 1101 1471 1140 mundi.

409 1157 422 1178 ²
451 1157 614 1206 scilicet,
637 1158 849 1196 naturales.
1444 1201 1464 1218 f
1871 1173 1902 1205 15

409 1212 422 1233 ³
451 1211 614 1261 scilicet,
636 1211 805 1252 celestis.

409 1269 421 1288 ⁴
452 1267 603 1307 scilicet
621 1280 817 1318 generans
837 1274 876 1306 et
896 1268 1124 1318 producens
1144 1263 1219 1306 sub
1242 1268 1343 1305 Deo.
1890 1310 1897 1313 ν

410 1324 423 1344 ⁵
454 1323 519 1362 Sic
536 1335 664 1361 omnes
695 1336 764 1371 res,
803 1322 964 1369 scilicet,
989 1323 1200 1370 naturales,
1224 1321 1331 1361 istud
1361 1328 1493 1372 potest
1523 1319 1671 1372 exponi
1699 1319 1851 1359 alkimi—

356 1377 453 1417 stice
485 1385 525 1417 et
558 1377 765 1429 figurative
799 1379 850 1417 de
881 1390 979 1417 auro
1015 1385 1056 1416 et
1093 1384 1270 1428 argento,
1311 1376 1406 1427 quia
1436 1375 1477 1415 in
1515 1377 1634 1416 rebus
1664 1376 1850 1414 humanis

356 1433 644 1484 temporalibus
682 1432 819 1472 omnia
857 1433 958 1471 fiunt
996 1446 1065 1483 per
1099 1446 1239 1471 aurum
1280 1438 1319 1471 et
1347 1439 1567 1482 argentum.
1628 1431 1752 1471 Unde
1782 1443 1853 1481 per
1870 1445 1900 1468 π

357 1489 483 1527 solem
505 1494 638 1538 potest
658 1487 823 1538 intelligi
843 1501 984 1526 aurum
1005 1496 1044 1527 et
1065 1501 1134 1538 per
1149 1489 1285 1526 lunam
1300 1494 1520 1538 argentum,
1539 1494 1578 1526 et
1597 1485 1663 1525 hic
1684 1494 1743 1525 est
1764 1498 1852 1524 mos

357 1541 658 1581 alkimistarum.
709 1543 762 1581 Et
800 1550 903 1582 terra
936 1550 1133 1594 quantum
1167 1543 1219 1581 ad
1254 1555 1315 1581 res
1353 1543 1550 1581 humanas
1582 1541 1853 1593 impregnatur

357 1605 396 1637 et
426 1598 665 1637 fecundatur
691 1611 761 1648 per
784 1604 1006 1648 argentum,
1036 1605 1075 1637 et
1105 1611 1244 1636 aurum
1267 1605 1326 1636 est
1357 1605 1468 1648 pater
1497 1598 1791 1645 miraculorum,
1815 1603 1853 1635 et

358 1659 500 1700 cetera,
524 1652 565 1692 id
586 1660 657 1699 est,
679 1666 749 1703 per
768 1652 899 1703 ipsum
921 1654 1023 1692 fiunt
1044 1652 1241 1692 mirabilia
1262 1653 1300 1691 in
1323 1651 1509 1692 humanis
1529 1653 1659 1692 rebus.

413 1708 427 1729 ⁶
457 1707 619 1754 scilicet,
643 1707 711 1758 qui
733 1715 793 1747 est
814 1716 926 1756 terra,
949 1709 1053 1758 quia,
1077 1707 1240 1747 scilicet.
1869 1722 1900 1754 25

418 1763 431 1782 ⁷
457 1762 565 1812 Quia
584 1776 608 1801 a
627 1763 771 1802 virtute
793 1764 908 1802 Lune
932 1764 1166 1814 dependent
1186 1763 1385 1802 naturales
1406 1761 1667 1814 proprietates
1694 1777 1824 1802 rerum
1840 1778 1852 1814 3
1882 1799 1884 1801 .

360 1817 462 1856 sicut
496 1817 604 1857 enim
644 1817 730 1868 ipsa
767 1817 909 1857 crescit
948 1825 987 1857 et
1026 1817 1232 1866 decrescit,
1275 1819 1331 1857 sic
1369 1831 1511 1857 omnes
1551 1831 1612 1857 res
1646 1818 1850 1858 inferiores

359 1872 511 1912 habent
540 1872 622 1911 suis
651 1872 783 1912 modis
814 1880 1062 1912 crementum
1093 1881 1132 1912 et
1162 1874 1477 1913 decrementum.
1538 1874 1591 1911 Et
1620 1873 1713 1924 quia
1737 1875 1850 1913 Luna

360 1935 419 1967 est
440 1927 702 1979 propinquior
723 1936 835 1976 terre,
859 1929 952 1967 ideo
972 1927 1112 1979 recipit
1131 1927 1295 1967 virtutes
1316 1927 1498 1967 omnium
1529 1928 1732 1967 stellarum
1756 1941 1849 1967 cum

359 1982 518 2033 propria
538 1981 693 2030 virtute,
716 1991 878 2034 propter
894 1984 1005 2044 quod
1021 1991 1080 2022 est
1094 1990 1285 2033 tanquam
1299 1991 1434 2041 uterus
1447 1984 1589 2044 plenus
1606 1983 1851 2023 fecunditate
1867 1991 1901 2025 3(

360 2045 399 2077 et
432 2037 591 2085 fetibus,
627 2014 775 2088 quibus
805 2046 907 2077 terra
937 2037 1218 2089 impregnatur,
1252 2037 1292 2077 id
1322 2046 1392 2086 est,
1425 2037 1564 2094 recipit
1594 2037 1778 2077 virtutem
1810 2046 1848 2078 et

358 2094 483 2132 fetum
505 2093 557 2132 ab
578 2106 636 2140 ea,
659 2101 698 2132 et
718 2094 905 2144 producit
924 2106 985 2132 res
1006 2092 1191 2132 infinitas.

413 2147 498 2187 ⁸id
519 2154 590 2196 est,
612 2147 803 2187 similiter.

416 2204 499 2242 ⁹id
520 2210 591 2250 est,
613 2216 661 2242 ex
682 2204 824 2242 colera.
1106 2204 1131 2225 ¹⁰
1160 2204 1200 2242 id
1221 2211 1292 2251 est,
1315 2203 1565 2242 melancolia.

416 2258 441 2280 ¹¹
471 2259 545 2296 Ex
563 2257 782 2307 zgnefacta‚
806 2265 865 2297 est
885 2256 1146 2297 alkimisticus
1166 2257 1391 2297 intellectus
1413 2258 1488 2297 sub
1509 2257 1724 2309 figurativis
1745 2259 1849 2298 locu·
1868 2268 1903 2301 35

361 2311 546 2352 cionibus
567 2325 645 2362 que
666 2320 921 2363 exponuntur
941 2312 1005 2351 hic
1036 2312 1207 2352 breviter
1235 2312 1336 2352 sicut
1365 2314 1502 2353 omnia
1531 2313 1643 2352 istius
1673 2312 1848 2364 capituli,

361 2366 456 2418 quia
476 2380 620 2418 magna
641 2375 679 2406 et
700 2368 819 2418 longa
839 2366 1042 2418 exposicio
1062 2367 1229 2406 traditur
1247 2367 1288 2406 in
1309 2367 1417 2407 libris
1437 2367 1609 2416 alkimie‚
1631 2370 1683 2408 de
1703 2367 1850 2418 quibus

362 2423 474 2461 nullo
491 2422 615 2462 modo
631 2430 766 2473 posset
783 2422 884 2462 tradi
899 2422 1074 2462 sciencia
1089 2422 1153 2461 hic
1168 2431 1328 2473 propter
1341 2419 1617 2473 prolixitatem,
1637 2436 1711 2462 nec
1733 2423 1848 2462 decet

362 2484 522 2528 propter
542 2484 785 2516 secretorum
807 2476 1137 2528 magnitudinem.

419 2531 447 2552 ¹²
476 2531 639 2580 scilicet,
661 2545 731 2582 per
751 2532 1051 2582 separacionem
1073 2539 1174 2572 terre
1194 2532 1246 2571 ab
1267 2532 1369 2583 igne.
1682 2534 1684 2540 '
1864 2544 1904 2578 40

417 2587 446 2608 ¹³
475 2588 551 2625 Per
570 2585 870 2634 distillaciones,
888 2586 1050 2635 scilicet,
1065 2595 1104 2626 et
1125 2586 1435 2626 sublimaciones
1462 2600 1589 2638 usque
1615 2588 1667 2626 ad
1687 2587 1847 2626 sumini-

363 2649 485 2681 tatem
506 2654 690 2680 vasorum
721 2648 760 2680 et
787 2642 930 2681 iterum
958 2641 1156 2693 colligitur
1183 2641 1223 2680 in
1255 2643 1381 2682 fundo
1409 2656 1559 2690 eorum,
1590 2642 1684 2693 quia
1714 2642 1852 2693 sepius·

363 2697 464 2736 fiunt
485 2695 795 2735 sublimaciones
817 2704 855 2736 et
876 2696 1161 2736 distillaciones
1182 2710 1316 2736 earum
1339 2709 1482 2736 rerum.
