1908 3126
835 131 886 174 23

119 245 235 283 super
273 239 415 271 terram
446 240 484 271 et
524 240 689 271 terrena.
752 232 854 270 Mira
895 232 1010 282 igitur
1050 232 1216 271 varietas
1256 234 1503 282 planetarum
1543 241 1602 272 est

118 306 155 337 et
176 297 377 348 signorum
400 310 468 348 per
489 298 582 336 istas
603 298 746 336 domos
768 297 807 335 in
829 297 1068 337 alteracione
1091 298 1230 338 mundi
1262 298 1465 346 inferioris,
1489 307 1528 338 et
1549 301 1600 339 dc

116 363 302 402 omnibus
323 363 408 402 aliis
438 376 516 413 que
547 362 666 412 tetigi.
726 364 816 412 Que
845 371 978 402 autem
1010 364 1058 402 sit
1088 365 1194 403 racio
1224 364 1405 414 specialis
1435 365 1486 404 de
1516 364 1600 403 istis

115 429 302 469 domibus
330 437 368 468 et
389 428 577 468 omnibus
597 428 683 467 aliis
705 442 783 478 que
809 428 917 479 tetigi
940 443 1022 468 non
1048 430 1216 480 pertinet
1236 431 1288 469 ad
1309 431 1412 468 hanc
1433 429 1599 480 disposi-

78 504 96 534 5
115 494 271 534 cionem
307 507 449 542 meam,
483 502 542 533 set
572 501 758 544 queratur
791 494 830 532 in
860 494 968 533 libris
998 495 1253 543 astronomie‚
1286 503 1325 535 et
1355 496 1526 535 maxime
1558 495 1597 534 in

114 560 215 600 libro
235 560 475 599 Albumazar
496 560 563 610 qui
584 567 746 599 vocatur
766 562 1076 599 hrtroductorias
1103 563 1143 599 in
1157 562 1319 612 strdzkia
1341 563 1595 600 Astronomz'e.

115 628 166 665 Et
186 633 320 665 tamen
341 628 380 664 in
408 626 505 665 locis
526 625 641 664 certis
661 624 772 664 istius
793 625 893 672 libri,
916 625 957 664 in
978 626 1123 676 quibus
1145 628 1219 665 hec
1247 626 1468 666 necessaria
1489 633 1594 674 sunt,

114 693 236 731 multa
257 692 371 742 posui
393 691 513 730 utilia.
575 694 625 730 Et
645 692 754 730 addo
774 692 839 730 hic
861 693 1025 741 figuram
1047 692 1250 743 signorum
1272 694 1323 731 ad
1345 692 1593 732 evidenciam

113 771 295 808 magnam
317 757 372 810 (p.
399 758 500 810 2²)·i

55 830 93 853 10
166 825 228 863 De
248 823 385 863 Gloria
403 823 667 863 Inestimabili
689 832 747 862 est
769 823 978 862 sciendum
1001 824 1112 873 quod
1133 824 1288 862 excellit
1309 837 1450 863 omnes
1473 824 1594 863 medi·
1619 839 1651 862 11
1674 842 1709 863 a.

110 888 218 928 cinas
257 889 296 927 in
336 889 443 929 libris
483 889 730 929 medicorum
772 891 936 940 scriptas
976 888 1016 927 in
1056 889 1366 929 conservacione
1415 891 1593 930 sanitatis

110 963 147 994 et
169 954 307 994 virium
338 955 531 1003 custodia,
554 964 634 994 tam
665 955 705 994 in
736 955 869 994 anima
899 969 1019 1005 quam
1042 955 1082 993 in
1112 969 1288 1006 corpore,
1312 958 1425 1006 cujus
1456 957 1593 996 laudes

110 1028 244 1071 patent
269 1021 307 1059 in
331 1029 437 1060 textu
461 1023 491 1061 si
514 1035 593 1061 non
618 1022 733 1061 fuerit
753 1030 972 1072 corruptus,
996 1021 1174 1061 similiter
1195 1035 1293 1072 quas
1316 1035 1376 1060 res
1397 1022 1535 1073 recipit
1555 1031 1592 1062 et

11 1139 13 1143 ι
108 1086 275 1137 qualiter
312 1095 571 1138 preparantur
605 1095 644 1126 et
675 1087 942 1126 conficiuntur
981 1095 1090 1138 patet
1130 1101 1176 1126 ex
1216 1087 1339 1126 litera.
1401 1089 1469 1127 Set
1500 1089 1593 1139 quia

0 1151 13 1220 Η
52 1159 88 1191 15
108 1153 271 1191 nomina
291 1162 383 1192 sunt
404 1153 534 1192 Greca
561 1153 694 1204 aliqua
715 1162 753 1192 et
783 1154 954 1192 Arabica
985 1155 1108 1204 plura,
1131 1161 1169 1192 et
1199 1161 1328 1204 preter
1357 1154 1433 1192 hoc
1464 1161 1592 1193 textus

0 1220 4 1261 ζ
108 1226 166 1257 est
186 1226 393 1269 corruptus
415 1232 484 1269 per
506 1220 631 1258 malos
645 1219 854 1269 scriptores
876 1228 913 1258 et
928 1221 1048 1258 falsus
1063 1220 1101 1257 in
1117 1218 1250 1258 multis
1270 1219 1393 1268 libris,
1406 1227 1592 1270 queratur

107 1297 184 1334 que
204 1297 264 1323 res
285 1285 406 1324 debet
426 1284 580 1335 ingredi
600 1286 719 1324 talem
743 1284 984 1324 medicinam
1007 1299 1053 1323 ex
1082 1284 1190 1323 libris
1214 1284 1331 1323 Plinii
1356 1292 1395 1324 et
1421 1298 1468 1323 ex
1489 1285 1591 1324 libro

106 1349 315 1401 Arthephii
330 1350 558 1401 philosophi
572 1364 691 1401 quem
707 1350 933 1401 composuit
950 1352 1001 1390 de
1014 1350 1081 1389 tali
1095 1350 1305 1398 medicina,
1322 1350 1389 1401 qui
1402 1351 1593 1401 gloriatur

105 1428 146 1455 se
167 1415 308 1455 vixisse
334 1429 433 1467 1025
456 1416 570 1455 annis
592 1429 660 1467 per
681 1418 787 1455 illam
811 1416 1052 1455 medicinam
1075 1417 1114 1454 in
1136 1416 1369 1456 fortitudine
1390 1416 1530 1456 virium
1552 1427 1590 1457 et

48 1490 87 1512 ²0
106 1482 210 1520 bona
241 1482 442 1530 memoria,
467 1491 506 1521 et
536 1482 714 1521 similiter
744 1496 791 1521 ex
820 1482 921 1521 libro
951 1484 996 1520 de
1015 1483 1281 1521 Accl'dentl‘bus
1311 1484 1527 1530 Senectutc‘s‚
1551 1492 1589 1522 et

103 1536 342 1587 sufficienter
371 1547 633 1596 invenientur,
657 1555 694 1587 et
725 1547 987 1586 conficiantur
1016 1549 1239 1586 secundum
1270 1549 1435 1587 modum
1468 1562 1589 1599 quern

103 1614 221 1653 docet
242 1622 391 1653 auctor.
441 1616 510 1653 Set
530 1614 571 1652 in
592 1615 850 1653 confeccione
867 1613 1077 1653 considera
1093 1615 1273 1652 ultimam
1293 1628 1370 1664 .13.
1389 1614 1588 1653 condicio-

102 1693 197 1718 num
219 1693 339 1730 quam
361 1681 590 1731 scripsimus
615 1679 656 1718 in
677 1688 813 1719 nostro
835 1680 1089 1718 Antidotario
1113 1680 1163 1719 de
1185 1679 1474 1719 medicinarum
1497 1694 1588 1719 con-

101 1745 290 1794 feceione,
321 1759 399 1784 una
429 1760 521 1784 cum
551 1745 667 1785 dictis
685 1745 759 1795 hic,
792 1754 830 1784 et
861 1745 1028 1785 habebis
1059 1745 1300 1784 medicinam
1330 1747 1584 1796 completam.

44 1826 81 1859 25
101 1814 167 1850 Set
201 1825 273 1862 pro
304 1819 390 1851 toto
420 1813 654 1863 generaliter
688 1812 719 1850 si
753 1811 860 1851 aliud
894 1826 976 1850 non
1011 1811 1155 1862 poterit
1187 1811 1281 1859 fieri,
1305 1812 1498 1862 eligantur
1525 1825 1584 1851 res

100 1878 213 1928 cujus
233 1877 493 1928 proprietates
524 1886 616 1917 sunt
643 1878 864 1917 necessarie
892 1886 930 1916 et
953 1877 1151 1916 medicine
1172 1876 1392 1916 cardinales
1414 1877 1587 1917 mineras

99 1943 286 1983 virtutum
315 1945 585 1983 confortantes
616 1952 655 1983 et
685 1957 727 1983 se
755 1943 971 1994 sigillantes
993 1951 1031 1982 et
1056 1952 1348 1991 conservantes,
1376 1951 1412 1982 et
1435 1942 1584 1983 deinde

3 2031 5 2054 ι
98 2017 326 2060 preparetur
346 2023 490 2060 corpus
517 2009 668 2060 equalis
696 2009 984 2060 complexionis
1006 2010 1116 2059 quod
1144 2022 1225 2047 non
1256 2009 1436 2059 subjacet
1455 2017 1584 2060 putre-

2 2060 5 2125 :
96 2075 278 2124 faccioni‚
312 2075 364 2114 ita
404 2076 514 2126 quod
550 2075 673 2126 possit
713 2075 890 2114 converti
926 2075 966 2113 in
1001 2074 1288 2113 nutrimentum
1330 2074 1442 2113 sicud
1481 2074 1583 2114 alius

1 2127 5 2192 1
37 2150 78 2184 3ο
97 2141 220 2188 cibus,
243 2149 281 2180 et
304 2140 516 2180 misceatur
546 2155 637 2180 cum
659 2140 846 2191 predictis
877 2140 917 2178 in
939 2139 1076 2179 debita
1100 2139 1377 2190 proporcione,
1400 2148 1438 2179 et
1469 2141 1580 2179 redu-

96 2213 206 2245 catur
226 2213 353 2245 totum
381 2207 433 2245 ad
454 2206 710 2257 equalitatem
736 2219 827 2244 cum
851 2219 891 2245 re
916 2205 1171 2254 rectificante‚
1194 2213 1233 2245 et
1258 2213 1429 2255 ponatur
1449 2213 1578 2245 totum

95 2271 135 2310 in
158 2272 472 2323 congregacione
502 2271 702 2311 radiorum
733 2285 802 2322 per
831 2271 983 2322 aliquot
1012 2271 1109 2319 dies,
1132 2279 1170 2310 et
1201 2270 1369 2310 habebis
1400 2272 1578 2310 Gloriam

95 2338 422 2378 Inestimabilem.
499 2338 626 2389 Cujus
665 2338 786 2377 virtus
834 2337 1017 2389 provenit
1063 2351 1110 2376 ex
1150 2345 1331 2388 quatuor,
1373 2339 1579 2388 supposita

93 2403 228 2443 debita
266 2403 561 2454 preparacione,
595 2411 633 2442 et
663 2403 771 2443 fideli
804 2403 1017 2450 eleccione,
1059 2402 1219 2450 scilicet,
1256 2417 1303 2442 ex
1337 2403 1581 2453 proprietate

34 2476 73 2510 35
93 2482 222 2508 rerum
242 2469 504 2520 sigillancium
523 2482 575 2517 se,
600 2478 638 2508 et
658 2468 766 2508 bona
786 2468 1062 2520 proporcione‚
1080 2476 1118 2508 et
1134 2468 1270 2508 debita
1290 2467 1579 2517 conmixtione,.

93 2541 131 2573 et
151 2535 306 2575 celestis
327 2535 479 2574 virtutis
501 2534 773 2574 irradiacione.
834 2536 885 2573 Et
906 2535 999 2574 ideo
1020 2542 1151 2585 potest
1173 2547 1259 2573 esse
1281 2534 1402 2582 bona,
1423 2535 1575 2581 melior,

93 2608 131 2639 et
151 2600 314 2651 optima.

141 2668 261 2714 Item,
298 2666 506 2706 sciendum
539 2675 596 2706 est
629 2668 738 2717 quod
769 2666 969 2718 sapientes
999 2666 1276 2706 laboraverunt
1305 2673 1347 2704 ut
1378 2667 1417 2704 in
1438 2666 1577 2717 aliquo

11 1044 14 1088 Ι

0 613 5 693 ε

0 724 5 807 l

0 809 10 923 i

0 948 5 981 1

0 1010 7 1153 i

58 2735 70 2744 ·
95 2787 97 2789 .
133 2766 176 2796 29
199 2756 324 2798 possit]
342 2756 435 2796 possi
455 2755 529 2788 MS.
