1908 3126
756 65 837 116 169

121 179 370 234 Capitulmn
395 189 446 231 .7.
468 179 520 219 de
528 181 664 235 facie.

170 266 301 307 Acies
337 266 468 320 plana
502 280 653 308 carens
690 267 995 311 tumorositate
1028 264 1245 319 significat
1280 263 1726 318 litigiosum‚Asuuface.

167 335 395 384 discolum,
420 336 688 389 injuriosum,
713 343 756 377 et
787 337 1078 377 immundum.
1142 334 1231 387 Qui
1262 347 1367 374 vero
1400 332 1533 372 habet

60 404 216 445 faciem
249 406 516 446 mediocrem
543 406 583 446 in
607 406 731 459 genis
773 412 817 446 et
848 402 1156 459 temp01·ibus,¹
1193 409 1447 457 vergentem
1476 401 1532 442 ad
1554 411 1748 446 Agoodsace.

25 488 42 520 5
62 474 388 527 pinguedinem,
423 482 489 515 est
520 489 669 522 veraX‚
701 489 868 524 amans,
902 474 1149 526 intelligens
1182 478 1314 525 atque
1347 470 1536 524 sapiens,

61 542 296 584 servicialis
313 542 328 565 2
350 550 484 596 atque
507 545 776 597 compositus
799 550 840 585 et
864 544 1127 597 ingeniosus.

124 639 372 694 Capitulum
396 641 447 682 .8.
471 641 522 681 de
543 655 615 681 ore
636 647 679 681 el
697 641 835 682 labiis.

189 721 248 762 Ui
273 735 376 761 vero
405 720 540 761 habet
563 721 700 762 latum
729 736 789 770 os,
812 729 876 762 est
905 721 1135 761 bellicosus
1157 725 1201 760 et
1222 719 1383 766 audaX,
1406 724 1449 758 et
1472 721 1537 757 est
1556 731 1609 764 Big
1622 730 1730 758 mouth.

199 789 363 843 loquax
406 797 450 841 et
490 805 594 844 sepe
636 791 830 845 gulosus.
916 791 1004 845 Qui
1047 790 1180 830 habet
1232 788 1345 828 labia
1385 799 1537 840 grossa
1557 808 1619 834 Fun
1632 806 1694 840 1195,

8 880 45 902 ιο
64 860 224 900 stultus
247 866 325 903 est.
388 859 447 900 Et
470 861 543 913 qui
573 867 638 901 est
661 874 866 901 carnosus
899 861 938 900 in
966 860 1074 901 facie
1097 866 1162 899 est
1185 857 1329 898 minus
1350 855 1536 908 sapiens,

65 928 341 981 importunus
373 929 591 983 menidax.
657 930 716 972 Et
758 931 832 983 qui
868 930 1002 971 habet
1034 928 1241 982 gracilem
1281 926 1437 966 faciem
1472 929 1537 964 est
1559 930 1619 960 128
1636 930 1667 961 b.

65 999 410 1052 circumspectus
433 1000 475 1040 in
498 1001 703 1053 operibus
721 1002 822 1050 suis,
845 1000 1020 1041 subtilis
1048 998 1305 1039 intellectus.
1382 994 1441 1034 Et
1463 993 1538 1046 qui
1556 990 1739 1016 Astansace·

65 1067 200 1108 habet
223 1081 405 1120 parvam
432 1068 586 1110 faciem
611 1069 904 1110 declinantem
929 1069 984 1109 ad
1007 1067 1289 1109 croceitatem
1314 1070 1379 1104 est
1403 1062 1537 1117 pessi-
1557 1081 1757 1108 Asmallfaoe,
1783 1055 1795 1061 ”

67 1150 174 1186 mus,
197 1137 394 1186 viciosus,
417 1138 643 1191 deceptor,
670 1139 880 1180 ebriosus.
944 1138 1003 1179 Et
1029 1137 1103 1190 qui
1135 1135 1270 1176 habet
1297 1132 1537 1185 oblongam

0 1209 46 1257 ¹15
66 1206 218 1247 faciem
242 1214 307 1248 est
331 1207 578 1260 injuriosus.

125 1275 185 1316 Et
211 1277 285 1330 qui
311 1276 446 1319 habet
475 1283 677 1332 tempora
706 1277 857 1320 inflata
886 1284 930 1319 et
959 1289 1093 1318 venas
1125 1275 1277 1330 plenas
1307 1279 1372 1315 est
1405 1270 1535 1312 valde
1555 1287 1764 1320 FulltempleS.

62 1344 309 1388 iracundus.

129 1437 377 1493 Capitulum
398 1452 450 1493 .9.
472 1439 524 1480 de
544 1439 766 1481 auriculis.

187 1519 225 1560 T
257 1521 332 1574 qui
375 1521 508 1562 habet
545 1521 761 1562 auriculas
797 1533 980 1574 magnas
1017 1524 1083 1559 est
1105 1517 1235 1558 valde
1266 1516 1425 1566 fatuus,
1454 1514 1537 1556 hoc
1556 1531 1731 1558 Greatears.

12 1622 52 1643 ,Ο
197 1597 387 1643 excepto
421 1592 540 1644 quod
573 1591 655 1632 erit
685 1591 799 1631 bone
833 1589 1040 1630 memorie
1071 1595 1115 1629 ct
1146 1585 1418 1628 retencionis.
1484 1585 1543 1625 Et
1561 1599 1733 1625 smauears.

69 1658 143 1711 qui
165 1658 300 1700 habet
323 1673 448 1701 aures
471 1660 600 1702 valde
622 1674 779 1715 parvas
801 1666 867 1701 est
890 1659 1093 1709 stolidus,
1115 1657 1378 1698 luxuriosus.

134 1761 381 1815 Capitulum
405 1775 488 1806 ,10.
511 1762 562 1804 de
584 1777 692 1805 voce.

190 1849 228 1889 T
252 1850 325 1903 qui
358 1850 491 1891 habet
513 1864 711 1905 grossam
741 1859 895 1891 vocem
929 1854 980 1889 et²
999 1859 1203 1888 sonoram
1225 1850 1291 1886 est
1313 1843 1546 1885 bellicosus
1565 1849 1670 1876 A¹0ud
1685 1849 1774 1877 voice·

200 1925 243 1960 et
266 1919 490 1973 eloquens,
567 1920 704 1974 Cujus
724 1933 815 1960 vox
837 1924 904 1959 est
928 1915 1156 1958 mediocris
1179 1916 1221 1955 in
1244 1913 1487 1955 subtilitate
1504 1918 1548 1953 et

17 2001 54 2033 25
72 1989 280 2041 grossicie
302 1996 368 2031 est
389 1990 574 2043 sapienS‚
597 1990 804 2043 providus
825 1994 869 2029 et
891 2000 1042 2037 veraX,
1059 1986 1215 2039 justus.

130 2068 199 2110 De
222 2069 342 2111 modo
365 2070 564 2123 loquendi
582 2068 833 2124 capitulum.

133 2139 222 2193 Qui
243 2153 347 2180 vero
369 2147 436 2181 est
453 2140 584 2181 velox
608 2140 650 2180 in
667 2139 823 2189 verbis,
845 2144 888 2179 et
906 2136 1108 2192 precipue
1125 2134 1160 2175 si
1182 2133 1316 2175 habet
1339 2130 1547 2186 gracilem
1569 2139 1663 2173 Hasty
1675 2140 1809 2173 speakers

73 2223 243 2260 vocem,
276 2217 342 2252 est
372 2211 596 2265 inprobus,
622 2210 821 2258 stolidus,
849 2209 1125 2261 importunus
1157 2210 1201 2245 et
1234 2204 1440 2244 mendax.
1503 2200 1550 2241 Si

75 2293 179 2320 vero
213 2294 302 2320 vox
336 2294 413 2322 sua
445 2279 574 2321 suerit
605 2294 772 2334 grossa,
805 2278 887 2319 erit
929 2275 1161 2317 iracundus
1194 2280 1239 2314 et
1271 2271 1550 2327 precipitans,

18 2403 59 2435 30
131 2393 142 2413 ¹
172 2395 360 2444 psalmus,
385 2398 446 2432 ‘et
467 2392 643 2443 requiem
665 2390 912 2441 temporibus
927 2391 947 2428 '.

131 2448 144 2469 ²
171 2448 212 2487 id
233 2455 304 2496 est,
325 2455 441 2498 aptus
460 2448 513 2486 ad
533 2446 796 2486 serviendum.

125 2558 138 2579 1
166 2548 321 2588 Chapter
336 2547 425 2579 cxxi.
447 2545 479 2576 V
623 2547 662 2576 16
687 2545 836 2585 Chapter
853 2542 955 2574 cxxii.
978 2542 1010 2572 V
1156 2541 1196 2571 18
1220 2539 1372 2579 Chapter
1388 2536 1501 2568 cxxiii.
1524 2533 1556 2566 V

77 2610 120 2631 22
143 2600 295 2640 Chapter
309 2599 421 2632 cxxiv.
444 2599 476 2629 V

63 2722 74 2733 ⁶
120 2672 151 2730 4¹
167 2688 383 2730 vergentem]
400 2689 572 2728 vigentem
592 2686 666 2720 MS.
811 2685 850 2715 16
873 2682 996 2724 venas]
1013 2691 1122 2721 genas
1140 2680 1214 2712 MS.
