1908 3126
797 119 845 162 51

84 222 314 275 bestiales,1
358 230 401 264 et
446 223 621 264 leonum
637 222 652 246 2
694 231 736 264 et
782 225 1085 266 immundicias
1103 225 1119 249 3
1160 228 1257 275 suis,
1302 228 1390 268 noli
1437 242 1529 270 csse
1555 234 1558 278 ι

83 293 269 335 crudelis
287 299 352 334 set
374 292 580 334 flexibilis
598 294 654 334 ad
673 295 942 346 parcendum
966 294 1048 335 hiis
1072 296 1126 336 de
1148 297 1305 349 quibus
1328 297 1557 338 victoriam
1579 312 1622 342 44
1640 312 1669 333 a.

81 362 288 404 habuisti.
353 361 513 416 Cogita
535 362 591 403 de
614 362 769 404 futuris
791 363 975 412 casibus,
997 365 1100 417 quia
1124 366 1263 407 nescis
1285 366 1390 419 quid
1414 366 1560 417 futura
1579 384 1673 410 'rffink
1689 384 1777 445 &53³2

82 432 174 472 dies
196 432 389 486 paritura
411 432 481 473 sit.
549 432 650 473 Noli
681 439 757 473 tua
783 433 998 474 desideria
1021 434 1178 476 imitari
1203 436 1244 476 in
1272 437 1558 485 comescione‚
1579 418 1790 486 {gssssggrffe'be

43 516 61 550 5
81 507 202 556 potu,
225 501 353 553 coitu,
377 508 420 542 et
442 501 651 542 diuturno
673 515 875 556 sompno.

140 570 207 612 De
228 571 429 612 castitate
450 570 599 625 Regis.

141 639 342 682 Clemens
366 642 616 694 imperator,
638 640 725 681 noli
756 647 800 682 te
822 641 1028 683 inclinare
1050 644 1106 684 ad
1129 643 1290 685 coitum
1317 646 1559 698 mulierum,
1580 658 1698 684 Eschew
1713 658 1837 692 lechery.

77 710 178 763 quia
209 711 351 752 coitus
382 717 448 752 est
481 712 672 764 quedam
705 711 949 765 proprietas
981 726 1225 766 porcorum.
1289 713 1388 768 Que
1419 715 1560 770 gloria

79 786 145 822 est
175 780 264 822 'tibi
300 781 336 822 si
373 793 605 822 excerceas
643 780 803 822 vicium
838 781 1205 824 irracionabiliurn
1243 784 1480 825 bestiarum
1516 793 1560 827 et

22 862 62 887 ιο
81 855 205 892 actus
236 850 498 891 brutorum?
563 850 705 892 Crede
728 850 834 891 mihi
859 851 1159 893 indubitanter
1185 853 1304 906 quod
1330 854 1470 895 coitus
1493 861 1559 896 est
1580 866 1641 892 'she
1654 867 1723 893 evils
1737 867 1798 906 thgit

78 919 321 961 destruccio
342 921 538 973 corporis
564 925 608 960 et
634 920 878 962 abreviacio
900 922 989 963 vite
1016 928 1059 962 et
1085 923 1313 976 corrupcio
1336 924 1559 976 virtutum,
1578 900 1756 937 fOUOWsmm
1771 907 1800 928 η’

79 989 188 1043 legis
209 989 507 1043 transgressio,
531 987 744 1031 femineos
767 1003 909 1031 mores
932 999 1125 1045 generat,
1148 998 1191 1033 et
1214 992 1370 1034 ultimo
1394 994 1558 1035 inducit

78 1058 185 1100 illud
208 1058 372 1100 malum
397 1060 518 1112 quod
541 1058 848 1113 prediximus.4

140 1202 388 1257 Capitulum
412 1216 493 1254 ,14.
518 1203 568 1245 de
593 1205 708 1258 regis
729 1205 884 1246 solacio
905 1212 946 1245 et
968 1206 1177 1248 modestia
1199 1206 1346 1248 vultus
1365 1214 1408 1248 et
1427 1209 1558 1255 risus,

19 1281 57 1318 ¹5
74 1279 119 1315 et
147 1272 200 1313 de
236 1273 543 1315 instrumentis
580 1273 754 1315 musicis
787 1274 1033 1324 audiendis,
1065 1283 1108 1316 et
1141 1275 1422 1318 discreccione
1454 1278 1557 1332 ejus,

75 1350 118 1384 et
136 1342 188 1383 de
207 1343 378 1384 cautela
398 1344 563 1397 optima
585 1343 844 1397 inquirendi
861 1352 1037 1386 secreta.

202 1452 312 1494 Ecet
335 1453 661 1507 imperatoriam
683 1460 972 1508 magestatem
995 1454 1189 1507 privatos
1219 1455 1382 1497 habere
1405 1456 1554 1499 fideles
1577 1474 1778 1514 Musicisthe·

200 1535 298 1563 cum
337 1523 494 1576 quibus
530 1523 831 1576 delectabitur,
864 1536 963 1565 cum
1002 1525 1133 1564 variis
1172 1526 1472 1567 instrumentis
1510 1534 1553 1568 et
1571 1509 1665 1535 ⁵⁰¹³⁰⁶
1679 1509 1827 1543 Ofakmg‘

73 1592 307 1645 generibus
332 1606 597 1646 organorum
625 1594 804 1646 quando
827 1592 954 1634 fuerit
982 1594 1187 1635 tediosus.
1250 1595 1415 1636 Anima
1438 1597 1552 1638 enim

17 1677 58 1702 ιο
74 1659 268 1703 humana
282 1663 536 1704 naturaliter
550 1663 592 1703 in
607 1663 768 1704 talibus
783 1662 1249 1715 delectabitur‚sensus
1261 1667 1553 1719 requiescunt,
1575 1678 1748 1716 Thegffects
1762 1680 1793 1706 of

1575 1721 1673 1738 musoe.

71 1730 307 1773 solicitudo
343 1739 387 1774 et
418 1733 644 1774 curiositas
675 1739 956 1786 evanescunt,
989 1739 1032 1774 et
1064 1740 1208 1776 totum
1241 1749 1400 1788 corpus
1433 1737 1553 1791 vigo-

73 1806 203 1842 ratur.
267 1801 313 1843 Si
347 1808 393 1843 tu
426 1803 557 1856 igitur
589 1804 632 1844 in
666 1802 826 1843 talibus
847 1802 1034 1843 volueris
1062 1802 1067 1858 Ι
1096 1804 1334 1855 delecta1·i;
1367 1805 1423 1846 ad
1455 1806 1552 1860 plus
1574 1819 1616 1849 44
1633 1809 1663 1840 b·

72 1883 304 1925 persevera
336 1873 379 1912 in
411 1872 488 1913 tali
515 1873 606 1914 vita
637 1872 776 1913 tribus
806 1871 961 1912 diebus
988 1873 1056 1914 vel
1087 1880 1289 1926 quatuor,
1312 1877 1550 1916 secundum
1572 1885 1732 1947 {elgiccvglicai

73 1942 193 1994 quod
223 1948 269 1983 tu
292 1942 450 1983 videris
478 1943 703 1996 expedire,
726 1948 769 1983 et
799 1956 973 1995 semper
999 1943 1152 1984 melius
1179 1949 1223 1985 et
1249 1944 1487 1993 honestius,
1510 1954 1553 1987 et

16 2026 55 2061 25
73 2011 193 2065 quod
216 2011 301 2052 hoc
324 2011 402 2053 fiat
426 2012 645 2066 privatim.

131 2080 201 2121 De
221 2081 389 2122 cantela
410 2083 573 2136 optima
595 2082 851 2135 inquirendi
869 2089 1044 2124 secreta.

131 2150 244 2193 Cum
275 2151 424 2204 itaque
454 2151 584 2192 fueris
614 2152 657 2192 in
689 2152 783 2205 ipso
810 2152 986 2202 solacio,
1008 2152 1182 2193 abstine
1214 2159 1257 2193 te
1293 2167 1318 2193 a
1350 2160 1472 2207 potu,
1509 2161 1553 2195 et
1574 2161 1788 2223 ffisslssgffissngssv

71 2221 278 2274 permitte
296 2235 370 2262 eos
387 2221 443 2262 ad
467 2221 638 2262 libitum
657 2228 849 2276 epotare,
865 2228 907 2263 et
925 2221 1042 2277 finge
1059 2228 1103 2263 te
1121 2221 1378 2264 calefactum
1396 2238 1422 2265 a
1440 2224 1553 2271 vino,
1573 2238 1644 2262 your
1658 2230 1802 2257 familiars·

71 2290 173 2343 quia
207 2296 311 2331 tunc
345 2291 511 2345 poteris
543 2291 681 2332 multa
715 2298 884 2333 secreta
918 2292 1142 2346 percipere
1174 2298 1218 2333 et
1249 2293 1413 2334 audire.
1477 2293 1553 2335 Set

1681 2361 1700 2378 ⁹¹.-

34 2429 56 2453 0
125 2415 138 2436 ¹
168 2415 210 2455 id
231 2423 300 2464 est,
324 2429 455 2455 mores
476 2417 687 2455 hominum
709 2416 947 2455 bestialium.

126 2471 140 2492 ²
167 2470 209 2510 id
229 2478 301 2518 est,
322 2470 544 2510 crudelium
568 2479 607 2509 et
628 2471 903 2522 superborum.

125 2524 138 2546 ³
167 2524 209 2564 id
229 2533 300 2574 est,
323 2525 512 2565 luxuriosi
533 2533 572 2565 et
590 2526 718 2576 gulosi
739 2526 806 2576 qui
827 2525 957 2576 porcis
978 2534 1271 2577 comparantur.

125 2581 139 2601 ⁴
166 2582 270 2630 quod
284 2581 533 2631 prediximus
561 2593 689 2631 supra,
714 2580 875 2629 scilicet,
897 2580 937 2619 in
967 2581 1142 2632 capitulo
1164 2583 1212 2620 .8.
1235 2581 1275 2620 in
1305 2581 1481 2633 capitulo
1503 2584 1553 2621 de

21 2667 26 2671 .
70 2635 215 2673 carnali
235 2635 427 2686 appetitu.

64 2743 81 2788 ,ι
113 2757 135 2788 6
157 2756 309 2797 Chapter
325 2756 419 2789 xviii.
440 2756 476 2788 V.
619 2766 656 2796 14
681 2756 836 2796 Chapter
851 2756 921 2787 xix.
944 2755 980 2788 V.

772 2821 802 2853 E
827 2824 849 2854 2
