1908 3126
811 141 864 183 57

159 243 283 286 Scias
315 244 465 298 itaque
498 246 617 298 quod
651 259 730 299 per
762 244 893 287 fidem
927 245 976 288 fit
1002 247 1231 290 hominurn
1264 246 1638 305 con1g1·egaci0‚48
1659 260 1690 291 ι).

103 314 327 355 civitatum
351 313 631 367 inhabitacio‚
654 315 848 357 virorum
876 318 1139 367 communio,
1163 319 1275 372 regis
1301 319 1551 361 dominacio
1569 335 1577 371 ;
1598 311 1839 378 ἔξῖζῗξῖζξῗζξξῇἵ

98 397 175 438 per
207 382 339 425 fidem
371 391 515 426 castra
546 391 761 436 tenentur,
785 386 984 428 civitates
1016 395 1256 437 servantur,
1280 402 1403 442 reges
1435 390 1575 430 domi·
1597 379 1727 412 keeplng’

99 459 266 495 nantur.
330 452 376 495 Si
398 454 577 508 quidem
606 455 738 496 tollas
760 454 907 505 fidem,
930 457 1076 498 cuncti
1103 457 1304 499 homines
1326 459 1382 499 ad
1406 464 1570 500 statum
1590 465 1800 528 {gfflsslsigsscglges
1815 466 1842 493 in

58 540 76 573 5
97 523 324 578 pristinum
378 531 660 574 revertentur,
707 525 909 567 videlicet
961 528 1016 568 ad
1065 527 1201 568 instar
1249 528 1474 569 brutorum
1527 534 1569 569 et
1616 518 1647 526 Α
1763 521 1767 526 ’

94 592 418 635 similitudinem
442 595 695 636 bestiarum.

154 662 272 704 Cave
294 664 384 713 tibi,
406 678 484 706 rex
502 664 768 717 fidelissime,
792 666 1023 721 infringere
1046 668 1197 709 datam
1222 667 1354 709 fidem
1380 675 1423 710 et
1446 681 1569 709 serva

95 731 274 774 firmiter
306 734 557 788 juramenta
594 741 670 776 tua
703 742 746 776 et
778 736 926 777 federa
956 737 1035 778 etsi
1069 737 1155 778 sint
1187 737 1348 790 gravia.
1415 737 1570 778 Nescis
1591 748 1824 796 ‘rue-saringsjof

94 803 228 855 quod,
262 810 378 845 teste
421 803 707 859 Hermogine‚
749 807 838 847 duo
881 812 981 847 sunt
1023 807 1200 859 spiritus
1236 807 1308 861 qui
1343 813 1386 848 te
1428 783 1799 848 custo-H⁹¹¹”⁰ge¹¹e⁵'

39 888 77 912 xo
95 871 233 922 diunt,
266 886 453 927 quorum
490 887 598 915 unus
631 881 697 916 est
729 876 785 916 ad
819 876 1025 917 dextram
1058 883 1101 918 et
1133 876 1241 918 alius
1270 867 1326 918 ad
1353 876 1572 918 sinistram
1593 878 1829 946 g)*ivr<i³t}g}2{}gl{¹y

95 944 396 985 custodientes
428 951 471 985 et
504 944 689 986 scientes
729 958 862 998 opera
894 953 970 987 tua
1001 953 1172 999 cuncta,
1205 952 1248 987 et
1291 947 1574 989 rescribentes
1594 957 1665 973 ”¹³¹¹-

97 1009 294 1053 Creatori
311 1013 517 1067 quicquid
536 1014 789 1055 discreveris
808 1015 1087 1055 faciendum?
1152 1016 1202 1056 In
1221 1015 1406 1058 veritate
1428 1017 1571 1058 solum

95 1081 176 1123 hoc
218 1083 398 1124 deberet
441 1091 485 1125 te
528 1091 570 1125 et
614 1084 855 1137 quemlibet
896 1085 1115 1126 retrahere
1167 1087 1222 1126 ab
1277 1087 1396 1126 omni
1443 1100 1574 1140 opere

92 1150 336 1194 inhonesto.
1765 1203 1775 1209 ,

35 1241 73 1274 15
152 1221 261 1275 Quis
291 1229 335 1263 te
369 1224 581 1278 compulit
615 1230 706 1265 tam
741 1224 987 1277 frequenter
1015 1224 1196 1278 jurare?
1261 1224 1363 1266 Non
1394 1231 1460 1266 est
1489 1226 1825 1276 hocswear110t,but

92 1290 339 1333 faciendum
373 1294 465 1334 sine
500 1307 659 1348 magna
692 1294 966 1335 necessitate.
1033 1294 1134 1335 Rex
1158 1308 1261 1335 vero
1294 1295 1375 1336 nisi
1409 1294 1572 1336 multus
1591 1281 1618 1299 m
1633 1278 1738 1298 mmm
1753 1272 1833 1298 ἰερὰ

92 1369 270 1415 rogatus
307 1369 351 1404 et
387 1363 635 1418 frequenter
672 1364 904 1418 requisitus
941 1377 1030 1404 non
1062 1364 1194 1405 debet
1226 1365 1373 1418 jurare
1393 1380 1400 1415 3
1433 1365 1572 1406 nescis

92 1433 211 1484 quod
234 1445 320 1474 non
342 1434 546 1475 convenit
569 1434 688 1487 regie
710 1434 916 1487 dignitati
939 1439 982 1474 et
1006 1435 1191 1487 derogat
1213 1434 1369 1476 honori
1393 1434 1571 1488 quando

87 1500 239 1554 juras?
286 1491 576 1545 'Subditorum
601 1504 717 1545 enim
737 1511 800 1545 est
818 1510 861 1545 et
880 1517 1102 1545 servorum
1123 1503 1281 1556 jurare.
1330 1503 1568 1558 Siquidem

34 1590 73 1614 20
91 1584 247 1625 queras
273 1586 359 1627 que
381 1573 458 1615 fuit
489 1587 618 1615 causa
644 1573 962 1616 destruccionis
993 1574 1114 1627 regni
1138 1573 1505 1627 Ambasoyorum
1527 1581 1570 1616 et
1591 1583 1859 1644 ffffnsdqnwguined

94 1631 327 1692 Scitarum,
363 1644 672 1698 responderem
710 1644 803 1693 tibi,
839 1644 939 1697 quia
979 1657 1102 1697 reges
1141 1657 1291 1684 eorum
1334 1644 1571 1685 utebantur
1590 1627 1817 1685 οὲῠῗῑῗῖἕειῖίιτε.

87 1711 346 1765 juramentis
369 1714 424 1754 ad
450 1713 648 1767 fraudem
667 1722 710 1756 et
733 1714 1044 1767 decepcionem
1066 1713 1293 1755 hominum
1322 1711 1327 1769 Ι
1357 1720 1400 1755 et
1422 1714 1571 1767 proxi·
1590 1732 1632 1764 49
1651 1733 1678 1753 a.

91 1795 260 1823 marum
298 1784 539 1834 civitatum,
578 1784 826 1837 frangentes
868 1783 1015 1824 federa
1051 1783 1245 1825 stabilita
1287 1784 1343 1825 ad
1382 1783 1569 1825 salutem

92 1852 272 1894 humani
295 1854 467 1906 generis
491 1860 533 1894 et
557 1854 805 1895 utilitatem.
873 1853 1018 1907 Iniqui
1045 1852 1103 1894 illi
1126 1859 1169 1894 et
1196 1852 1395 1894 infideles
1419 1854 1572 1894 abute-

33 1939 71 1972 25
91 1921 250 1964 bantur
281 1923 541 1977 juramentis
581 1924 636 1964 ad
674 1923 1005 1964 subversionem
1043 1923 1348 1977 proximorum
1387 1931 1430 1964 et
1470 1923 1572 1964 ideo
1589 1930 1760 1997 ggssfflffd

92 1993 262 2046 equitas
290 1993 534 2047 justissima
570 1994 743 2035 Summi
776 1993 943 2046 judicis
976 2006 1064 2034 non
1098 1993 1241 2046 potuit
1275 1999 1349 2034 eo's
1382 1993 1571 2046 amplius

88 2063 310 2105 sustinere.
882 2112 892 2117 ,

150 2132 189 2174 Ο
209 2133 458 2175 doctissime
477 2132 745 2181 Alexander,
765 2133 872 2174 scire
895 2139 938 2173 te
955 2132 1056 2174 volo
1080 2134 1199 2186 quod
1224 2132 1266 2172 in
1290 2132 1569 2173 ordinacione
1588 2144 1681 2170 There
1695 2137 1857 2178 ares'pecial

1587 2179 1662 2204 rules
1674 2178 1717 2205 for
1730 2179 1778 2205 the

91 2201 260 2257 imperii
293 2210 336 2244 et
366 2203 590 2258 regiminis
617 2210 715 2244 sunt
745 2204 936 2257 quedam
964 2203 1232 2244 documenta
1258 2202 1569 2256 specialissima
1587 2214 1823 2279 {⁰12}‡¹}¹·{¹}f§u2{-

31 2285 72 2317 30
89 2273 215 2314 valde
232 2273 413 2314 moralia
428 2273 697 2326 pertinencia
711 2273 790 2314 tibi
809 2279 1024 2327 quantum
1045 2273 1099 2314 ad
1119 2272 1341 2327 propriam
1360 2270 1566 2312 familiam
1588 2281 1663 2312 hold,
1698 2268 1701 2272 ⁴
1782 2268 1791 2273 ”’

0 2332 1 2338 ’
89 2348 132 2382 et
168 2350 382 2397 quantum
421 2344 476 2384 ad
514 2356 795 2384 communem
833 2342 1044 2397 populum
1082 2343 1337 2397 regendum,
1375 2348 1442 2383 set
1480 2355 1567 2382 non

89 2411 254 2455 habent
283 2413 427 2455 locum
456 2413 539 2455 hic.
602 2412 680 2455 Set
709 2420 855 2455 tamen
884 2413 1056 2454 tradam
1084 2413 1163 2454 tibi
1188 2426 1239 2454 ea
1262 2413 1303 2453 in
1327 2418 1447 2454 certo
1471 2411 1811 2484 ¹0003212³5¹0¹311321¹a¹2gss

88 2480 183 2523 libri
220 2482 350 2537 hujus
383 2490 426 2524 et
458 2491 582 2525 erunt
610 2484 690 2526 tibi
724 2484 991 2525 documenta
1025 2482 1233 2524 salutaria
1265 2482 1488 2522 abreviata
1523 2488 1566 2522 et
1812 2478 1818 2483 ’

87 2551 218 2594 valde
249 2552 382 2604 utilia,
417 2553 460 2594 in
492 2567 679 2607 quorum
713 2553 1001 2595 observancia
1038 2551 1333 2607 prosperabis,
1369 2550 1566 2592 Domino

0 2616 12 2669 ξ’
28 2638 67 2671 35
87 2623 366 2665 concedente.

129 2789 172 2818 28
196 2788 351 2828 Chapter
367 2788 474 2820 xxvii.
493 2788 530 2819 V.
