1908 3126
783 107 860 137 121

82 221 125 256 et
175 213 415 267 quamdam
469 211 661 265 speciem
713 210 968 251 sanativam.
1046 209 1107 250 Et
1157 209 1348 263 quedam
1391 208 1558 262 species
1574 217 1770 251 osplantsare

1575 251 1685 278 diverse
1699 252 1755 277 and

84 289 266 338 generat
308 281 515 329 leticiam,
557 286 601 321 et
633 279 823 332 quedam
868 278 1092 332 gaudium,
1137 284 1181 319 et
1217 278 1410 331 quedam
1455 277 1559 319 facit
1574 291 1700 318 strange·

83 365 294 401 amorem,
334 358 379 393 et
419 351 610 404 quedam
654 348 817 391 odium.
880 347 1086 402 Quedam
1135 347 1377 389 ferentibus
1415 347 1557 400 ipsam

83 421 234 464 tribuit
270 420 561 462 reverenciam
605 426 649 460 et
690 418 916 467 honorem,
951 423 995 458 et
1031 418 1220 471 quedam
1258 416 1558 470 abjeccionem

46 491 236 541 5tribuit
289 497 332 531 et
374 495 693 543 contemptum.
769 489 829 529 Et
869 487 1062 540 quedam
1114 485 1218 527 facit
1265 486 1415 527 videre
1451 484 1562 527 falsa

85 559 304 614 sompnia,
335 559 529 613 quedam
559 558 829 599 verissimam
864 557 1087 598 visionem.
1149 555 1354 610 Quedam
1381 561 1561 609 generat

83 629 351 684 probitatem
374 634 418 669 et
439 627 754 676 fortitudinem,
781 634 825 668 et
857 628 1049 680 quedam
1076 625 1303 679 pigriciam
1337 631 1381 666 et
1403 624 1559 666 debili-

84 704 234 752 tatem.
296 698 499 753 Quedam
522 702 678 739 sanant
695 709 880 750 corpora
903 701 946 736 et
969 702 1144 736 servant
1161 709 1188 736 a
1208 695 1386 736 venenis
1409 694 1560 735 morti-

84 767 195 817 feris,
220 767 414 822 quedam
435 766 676 820 corrumpit
698 779 884 820 corpora
903 770 949 806 et
971 764 1100 805 infert
1123 771 1320 806 mortem.
1396 763 1456 805 Et
1478 776 1561 817 ego

27 855 65 879 ιο
83 821 241 879 faciam
260 837 340 878 tibi
364 837 640 878 mencionem
663 836 719 877 de
740 836 824 876 hiis
848 834 1078 888 speciebus
1101 848 1200 875 cum
1223 833 1496 888 argumentis
1519 838 1563 873 et

84 906 427 960 probacionibus
450 904 727 948 manifestis.l

148 1012 396 1067 Capitulum
419 1027 471 1064 ,4.
495 1014 547 1055 de
558 1013 732 1068 plantis
752 1014 796 1054 in
818 1012 993 1066 speciali
1012 1010 1300 1060 mirabilibus,
1321 1009 1493 1060 scilicet,
1513 1008 1564 1049 de
1582 1025 1620 1057 92
1641 1015 1671 1046 b.

84 1082 296 1137 qualitate
315 1090 359 1124 et
366 1085 636 1137 proprietate
657 1082 936 1137 quarundam
951 1081 1211 1136 plantarum
1232 1087 1277 1122 et
1301 1081 1476 1122 virtute.

157 1169 241 1225 Lla
258 1170 424 1225 quippe
445 1171 613 1224 species
636 1169 948 1224 vegetabilium
966 1182 1052 1222 que
1068 1173 1251 1221 generat
1270 1165 1563 1207 reverenciam
1582 1177 1644 1204 The
1658 1176 1736 1210 plant
1750 1174 1842 1201 which

1583 1212 1679 1243 brings
1692 1218 1840 1236 reverence

31 1251 67 1284 ¹5
156 1245 199 1280 et
230 1239 444 1281 honorem
484 1247 551 1282 est
586 1241 778 1294 quedam
821 1239 950 1280 arbor
984 1237 1151 1279 habens
1183 1236 1284 1277 folia
1316 1234 1566 1285 convoluta,
1583 1246 1640 1272 and
1653 1246 1763 1271 honour
1777 1249 1806 1270 to

1583 1279 1619 1306 its
1634 1288 1746 1306 wearer.

89 1307 231 1350 forma
270 1322 374 1350 vero
416 1317 482 1351 est
524 1310 724 1360 rotunda,
758 1315 802 1350 et
834 1308 999 1349 fructus
1036 1307 1131 1361 ejus
1172 1305 1326 1346 similis
1340 1304 1369 1346 2.
1429 1303 1567 1358 Virge

91 1377 227 1432 ipsius
249 1379 418 1420 arboris
435 1386 537 1420 sunt
558 1378 738 1420 humide
760 1385 803 1419 et
827 1377 937 1418 odor
957 1376 1253 1417 suavissimus.
1328 1373 1415 1428 Qui
1437 1374 1569 1428 igitur

92 1447 240 1489 evellit
270 1448 413 1506 ipsam
449 1448 492 1489 in
528 1449 706 1489 nomine
741 1446 850 1489 suo²⁵
886 1454 929 1488 et
963 1452 1112 1500 portat
1141 1458 1305 1495 secum,
1336 1457 1416 1497 pro
1448 1449 1569 1484 certo

94 1517 289 1571 adquirit
309 1518 391 1560 sibi
414 1518 706 1560 reverenciam
728 1524 772 1559 et
794 1519 1022 1559 honorem.

36 1601 75 1622 20
153 1584 237 1626 Est
258 1592 303 1627 et
323 1586 410 1627 alia
435 1586 566 1627 arbor
594 1599 681 1639 que
709 1585 851 1639 surgit
873 1585 915 1625 in
944 1581 1223 1636 longitudine
1256 1581 1382 1622 unius
1404 1579 1568 1621 brachii
1586 1594 1703 1627 Aplant
1719 1593 1810 1620 which

1585 1629 1676 1654 exalts
1690 1629 1737 1654 the

90 1653 258 1696 habens
292 1655 399 1697 folia
435 1655 580 1710 longa,
621 1656 817 1706 humida,
849 1653 1066 1695 habencia
1098 1652 1140 1692 in
1178 1665 1225 1691 se
1258 1650 1393 1691 lineas
1429 1649 1566 1690 albas.
1587 1663 1694 1689 bearer.

91 1723 179 1779 Qui
203 1739 308 1767 vero
328 1726 570 1779 portaverit
598 1726 654 1767 de
675 1725 928 1767 substancia
949 1722 1064 1764 illius
1086 1721 1255 1762 arboris
1282 1719 1567 1761 exaltabitur.

150 1794 232 1836 Est
276 1802 320 1837 et
362 1796 448 1837 alia
489 1796 620 1837 arbor
660 1795 829 1837 habens
868 1794 970 1835 folia
1012 1806 1090 1834 sua
1121 1790 1360 1845 jungencia
1398 1796 1441 1830 et
1475 1789 1569 1843 ejus
1587 1802 1825 1835 Anotherbrings

147 1900 155 1918 ¹
188 1900 252 1937 De
290 1898 365 1937 ista
402 1898 584 1938 doctrina
621 1897 837 1937 Aristotilis
877 1896 1086 1935 sciendum
1121 1901 1181 1933 est
1219 1894 1294 1941 hic,
1332 1893 1442 1943 quod
1472 1891 1574 1931 sicut
1593 1907 1632 1932 As
1645 1905 1715 1932 with
1727 1904 1786 1931 free
1801 1903 1858 1930 wiu

33 1971 70 2003 25
90 1952 242 1992 dictum
264 1961 323 1992 est
354 1953 396 1992 in
427 1954 622 2004 principio
652 1952 740 1991 libri
773 1953 835 1991 vel
869 1965 891 1990 a
923 1949 1118 2002 principio
1147 1948 1248 1997 libri,
1280 1948 1390 1998 quod
1411 1946 1572 1986 virtutes
1590 1940 1804 1967 ³¹¹dth²⁵taf⁵‘

91 2009 268 2047 celorum
309 2015 348 2047 et
377 2009 580 2047 stellarum
610 2021 693 2046 non
722 2014 871 2057 cogunt
900 2005 1070 2044 liberum
1100 2002 1305 2043 arbitrium
1336 2010 1394 2041 set
1415 2008 1571 2040 mutant
1660 2049 1666 2054 .

91 2062 389 2113 complexiones
424 2076 647 2114 corporum,
669 2063 721 2101 ad
742 2074 911 2112 quarum
941 2060 1213 2098 mutacionem
1234 2056 1425 2096 excitatur
1444 2069 1569 2103 mens,
1588 2049 1779 2117 ξζῐζζῐζξζὲζξσ

91 2123 135 2155 ut
154 2116 240 2156 sine
269 2116 486 2157 coaccione
506 2118 599 2156 velit
618 2118 736 2168 gratis
767 2116 865 2154 illud
885 2116 937 2154 ad
964 2114 1075 2165 quod
1099 2113 1290 2152 excitatur
1305 2126 1316 2160 3
1345 2110 1401 2150 sie
1428 2118 1487 2149 est
1506 2110 1572 2149 hic
1590 2117 1744 2151 properties
1757 2117 1789 2143 of

91 2171 143 2211 de
172 2171 382 2211 virtutibus
402 2171 581 2222 lapidum
615 2180 654 2210 et
684 2169 976 2221 vegetabilium,
1008 2169 1119 2219 quod
1149 2174 1305 2206 mutant
1338 2172 1377 2205 et
1405 2166 1572 2204 alterant
1588 2152 1751 2220 ἓξὲξ-πά

35 2239 75 2272 30
93 2225 403 2277 complexiones,
426 2234 465 2266 et
485 2227 782 2277 complexiones
796 2225 970 2276 alteralte
990 2225 1158 2262 alterant
1186 2220 1344 2260 animos
1363 2221 1415 2259 ad
1445 2219 1573 2258 varios
1591 2242 1630 2274 92
1649 2233 1680 2263 b.

94 2282 257 2320 effectus
285 2289 323 2320 et
343 2294 463 2332 opera
483 2282 568 2320 sine
588 2280 803 2320 coaccione
824 2278 1049 2326 voluntatis,
1072 2277 1174 2316 sicut
1187 2277 1311 2315 homo
1330 2288 1400 2326 per
1421 2274 1574 2325 species

96 2343 134 2375 et
172 2335 335 2375 virtutes
374 2349 504 2375 rerum
544 2334 795 2386 presencium
834 2333 1025 2372 excitatur
1062 2333 1114 2371 ad
1152 2330 1280 2370 varios
1318 2331 1494 2376 affectus,
1530 2336 1574 2367 ut

96 2403 164 2440 per
195 2389 349 2441 species
369 2390 589 2430 amicorum
618 2399 657 2429 et
684 2389 884 2429 sociorum
915 2387 1106 2427 excitatur
1132 2387 1184 2425 ad
1206 2386 1341 2432 multa,
1365 2392 1403 2423 et
1423 2396 1493 2434 per
1512 2396 1573 2422 res

95 2444 294 2496 speciosas
333 2453 377 2484 ut
418 2446 614 2492 mulieres,
655 2453 694 2484 et
732 2457 802 2495 per
831 2443 943 2482 cibos
973 2450 1011 2481 et
1042 2449 1160 2492 potus
1189 2447 1406 2491 presentes,
1437 2445 1477 2477 et
1506 2451 1575 2488 per

38 2508 76 2540 35
95 2498 278 2538 inimicos
299 2507 338 2539 et
364 2513 433 2551 per
453 2499 705 2539 medicinalia
724 2499 832 2538 bona
853 2506 891 2537 et
912 2498 1016 2536 mala
1035 2496 1226 2536 excitatur
1244 2495 1296 2533 ad
1317 2494 1454 2533 multa.

151 2553 164 2573 ²
194 2554 358 2602 scilieet,
378 2555 485 2593 folio.
909 2554 922 2573 ³
954 2553 992 2590 id
1015 2558 1087 2597 est,
1108 2563 1180 2601 pro
1201 2563 1242 2588 se
1263 2548 1361 2599 ipso.

143 2653 182 2685 1'2
205 2654 358 2694 Chapter
372 2654 502 2686 lxxxiv.
524 2653 563 2687 V.

106 2754 107 2757 ¹
143 2751 185 2785 32
207 2744 368 2786 virtutes]
385 2745 568 2776 virtututes
586 2742 659 2774 MS.
