1908 3126
835 115 883 158 71

188 220 435 275 Capitulum
470 255 477 263 .
483 232 520 274 5.
554 220 605 261 de
643 227 761 260 motu
795 224 1027 274 autequam
1064 230 1271 263 sumatur
1311 221 1440 272 αὖθις,
1477 230 1520 264 et
1552 223 1604 263 de

121 290 209 332 cibo
228 297 272 331 ct
290 297 406 343 polet,
428 297 471 331 et
490 289 542 330 de
565 290 686 331 modo
713 289 890 330 cibandi
911 297 954 331 et
974 292 1170 344 potandi,
1193 299 1236 333 et
1256 292 1602 334 consuetudinem

84 367 90 373 ’
121 360 342 402 servandi.

233 435 321 476 Um
345 435 548 477 voluntas
571 435 830 475 comedendi
854 434 931 475 tibi
958 436 1131 476 affuerit
1157 435 1288 490 juxta
1318 436 1474 477 horam
1497 450 1599 477 con·
1619 450 1814 490 Taketantue

84 526 102 557 5
230 506 499 546 suetudinis:
551 514 674 547 utere
700 507 873 547 ‘labore
926 506 1118 559 corporis
1135 504 1148 527 ¹
1193 506 1378 554 modico,
1431 486 1869 551 5εἰ1ἰςεϊζ’ἒῖἶῗῖᾆῖᾸῖῗῖἷῖἷῖἓ.

121 575 359 628 equitando
376 575 443 616 vel
467 575 797 616 deambulando
818 574 821 629 ξ
843 575 909 615 vel
929 575 1016 616 tale
1034 575 1199 628 aliquid
1223 575 1363 616 simile
1387 574 1598 627 faciendo,
1618 582 1658 624 58
1676 592 1707 615 a.

120 645 223 697 quia
246 644 328 686 hoc
351 645 538 686 multum
562 646 727 686 bonum
752 652 829 694 est,
851 652 895 686 et
919 645 1025 684 mire
1045 644 1170 697 juvat
1188 659 1372 699 corpus:
1410 645 1534 699 fugat
1555 653 1599 686 et

120 714 281 768 frangit
307 708 609 765 ventositates,
631 729 791 770 corpus
813 722 953 769 aptat,
977 715 1232 755 corroborat
1255 721 1389 768 atque
1412 714 1598 763 alleviat,

120 790 163 824 et
181 785 370 825 calorem
391 785 606 826 stomachi
630 785 834 836 incendit,
853 784 1116 838 constringit
1139 798 1378 837 compages
1397 791 1439 825 et
1462 784 1598 838 lique-

63 865 102 887 10
121 852 222 894 facit
255 854 500 907 superfluos
531 855 737 896 humores
769 854 963 906 corporis
997 854 1207 902 residuos,
1231 861 1273 894 et
1303 853 1465 908 flegma
1494 854 1597 895 facit

120 923 386 965 descendere
404 938 534 978 super
549 931 795 965 stomacum
821 923 952 964 nimis
976 922 1231 972 incensum,2
1247 924 1290 964 id
1315 930 1391 974 est,
1407 923 1596 964 calidum
1647 977 1650 980 Α

121 999 164 1034 et
190 993 318 1034 nimis
342 994 624 1035 desiccatum.

179 1063 402 1104 Ponantur
434 1071 587 1117 postea
621 1063 747 1105 multi
780 1063 866 1103 cibi
900 1070 1002 1104 ante
1036 1070 1080 1105 te
1112 1070 1154 1103 et
1185 1063 1392 1104 comedas
1425 1077 1482 1103 ex
1515 1062 1599 1103 illis
1619 1078 1789 1116 rakesme

118 1146 230 1186 quos
263 1132 433 1186 eligeris
467 1133 600 1186 juxta
632 1125 896 1174 desiderium
930 1139 1056 1173 tuum
1098 1146 1197 1172 cum
1237 1146 1350 1185 pane
1386 1131 1598 1185 equaliter
1619 1112 1786 1174 iiiffiiffmm
1799 1121 1870 1174 mir

61 1219 98 1252 15
119 1201 264 1244 levato
294 1203 369 1257 qui
397 1204 477 1244 erit
500 1204 690 1256 perfecte
713 1203 1013 1249 fermentatus,
1038 1203 1113 1255 qui
1135 1202 1195 1243 sit
1223 1203 1331 1244 bene
1358 1209 1402 1242 et
1424 1203 1595 1244 noviter

116 1279 267 1314 coctus
299 1281 341 1313 et
375 1287 400 1313 a
435 1273 596 1313 furfure
634 1273 744 1313 bene
777 1273 1022 1321 mundatus,
1057 1271 1337 1312 mediocriter
1371 1285 1470 1313 cum
1505 1272 1596 1313 sale

116 1342 331 1391 conditus,
354 1349 396 1383 et
419 1356 612 1396 prepone
635 1356 692 1382 ex
717 1341 799 1382 illis
828 1355 938 1393 quos
970 1354 1214 1395 preponere
1246 1340 1392 1382 debes.
1459 1341 1595 1383 Verbi

116 1412 273 1466 gratia,
292 1412 327 1453 si
351 1413 587 1466 sumpserit
610 1412 746 1453 homo
770 1411 812 1452 in
835 1425 920 1452 uno
942 1411 1128 1465 prandio
1159 1411 1438 1464 pulmentum
1462 1412 1595 1453 molle
1617 1426 1807 1459 Arrangethe

1584 1482 1592 1488 ,
1615 1460 1697 1486 order
1710 1461 1742 1486 of
1751 1469 1824 1492 your

117 1482 313 1523 molliens
356 1490 567 1530 ventrem,
605 1490 649 1524 et
690 1481 807 1523 aliud
851 1480 1074 1521 retinens3
1110 1488 1308 1522 secutum
1354 1481 1510 1524 fuerit:
1558 1496 1591 1522 si
1616 1494 1878 1533 disheqacqordipg

59 1568 99 1590 20
117 1550 249 1592 molle
288 1553 560 1605 precesserit,
596 1551 750 1592 melius
785 1557 828 1591 et
865 1550 1004 1591 levius
1037 1550 1143 1590 facit
1176 1551 1484 1604 digestionem.
1547 1551 1592 1593 Si
1613 1528 1856 1595 {ilissfin'd‘gffiu‘

115 1635 219 1663 vero
251 1623 442 1663 retinens
471 1629 571 1663 ante
603 1621 843 1664 comederit
873 1626 916 1661 et
947 1626 1100 1674 postea
1132 1619 1278 1668 molle,
1303 1620 1595 1662 confundetur

116 1690 230 1731 male
253 1698 297 1732 et
319 1698 601 1733 consumetur
619 1698 865 1745 utrumque.
911 1690 1123 1732 Similiter
1145 1691 1179 1730 si
1201 1691 1438 1744 sumpserit
1460 1691 1595 1732 homo

115 1761 157 1801 in
182 1775 267 1801 una
291 1762 562 1802 comestione
595 1762 721 1815 plura
753 1760 980 1815 pulmenta
1013 1758 1195 1807 mollia,4
1220 1773 1306 1814 que
1338 1760 1478 1814 digeri
1510 1760 1596 1802 cito

114 1824 310 1884 possunt,
352 1839 529 1885 oportet
583 1839 630 1872 ut
672 1831 836 1885 aliquid
887 1831 1005 1870 aliud
1056 1830 1333 1884 pulmentum
1386 1831 1596 1883 precedat

55 1918 94 1951 25
114 1902 305 1943 retinens
351 1902 393 1942 in
448 1901 585 1942 fundo
626 1901 854 1950 stomachi,
898 1901 998 1953 quia
1051 1900 1324 1954 profunditas
1377 1900 1594 1941 stomachi

166 2005 177 2024 ¹
208 2004 369 2051 scilicet,
392 2018 535 2054 corpus
558 2004 771 2043 movendo

167 2061 180 2081 ²
209 2059 369 2107 scilicet,
394 2059 433 2097 in
455 2058 529 2097 hiis
551 2059 617 2108 qui
639 2059 788 2097 habent
809 2058 1060 2097 stomachum
1082 2056 1268 2096 calidum.

168 2116 181 2135 ³
210 2120 399 2160 ventrem,
422 2121 464 2151 ut
485 2113 646 2160 scilicet,
667 2127 849 2163 grossum
870 2120 908 2151 et
929 2113 1072 2151 durum
1096 2120 1134 2150 et
1155 2111 1316 2150 siccum.

166 2170 178 2189 ⁴
208 2177 298 2219 post
318 2181 396 2219 que
416 2182 498 2206 non
520 2167 639 2207 sumit
659 2167 809 2218 aliquid
830 2168 986 2206 durum.

160 2268 171 2287 1
200 2257 354 2296 Chapter
372 2257 514 2287 xxxviii.
540 2255 574 2287 V.

155 2352 176 2380 9
198 2339 367 2381 incendit]
386 2340 534 2370 intendit
552 2339 624 2370 MS.

155 2394 196 2424 In
209 2393 384 2433 asoottzole
398 2405 403 2423 ς
422 2394 430 2410 ‘
443 2392 642 2432 Fulgentius
658 2392 691 2422 in
703 2392 849 2431 quodam
865 2400 1024 2422 sermone
1039 2401 1046 2420 ε
1064 2390 1198 2430 quidam
1210 2390 1351 2429 sapiens
1364 2390 1592 2428 interrogatus
1610 2395 1672 2421 The
1685 2395 1776 2435 praise
1790 2397 1823 2423 of

112 2447 154 2477 ad
172 2446 251 2486 quid
269 2446 476 2476 exercicium
493 2445 618 2477 laboris
635 2450 728 2476 esset
747 2444 975 2475 necessarium
991 2449 1024 2474 et
1041 2443 1134 2482 utile⁷
1148 2443 1325 2482 respondit
1343 2443 1376 2473 in
1395 2443 1458 2473 hec
1475 2442 1589 2482 verba,
1608 2438 1740 2456 exereise.

113 2498 305 2537 Honestus,
320 2498 438 2537 inquit,
451 2498 548 2529 labor
559 2498 705 2528 humane
719 2497 787 2527 vite
801 2496 868 2526 fida
879 2495 1043 2535 custodia,
1060 2495 1262 2526 dormientis
1280 2500 1399 2526 nature
1417 2494 1588 2535 stimulus,

110 2551 212 2591 sopiti
229 2550 351 2582 caloris
369 2550 458 2590 lima,
477 2550 721 2590 superfluitatis
739 2548 971 2589 consumpcio‚
990 2548 1155 2579 viciorum
1173 2547 1262 2587 fuga,
1279 2547 1471 2578 morborum
1490 2557 1591 2586 mors,

111 2603 288 2643 langorum
322 2602 500 2641 medicina,
541 2602 671 2633 lucrum
710 2602 885 2641 temporis,
924 2601 1115 2640 juventutis
1153 2599 1316 2640 debiturn,
1353 2599 1591 2631 adolescencie

112 2654 300 2695 disciplina,
320 2655 509 2687 senectutis
526 2655 700 2694 gaudium,
717 2655 836 2685 salutis
860 2653 1077 2693 adjutorium,
1096 2652 1234 2684 nutricis
1256 2653 1406 2684 omnium
1426 2653 1589 2683 malorum

47 2703 58 2712 ”
112 2713 164 2741 est
175 2708 370 2747 emula,otii
382 2708 529 2739 inimica.
570 2707 632 2738 Ille
650 2718 774 2747 nempe
791 2706 885 2738 solus
903 2707 944 2737 ab
963 2705 1151 2737 excercicio
1170 2715 1207 2736 se
1224 2705 1395 2737 abstineat
1413 2711 1446 2737 et
1462 2705 1587 2745 labore,

112 2762 168 2801 qui
187 2761 359 2792 felicitatis
376 2761 499 2800 gaudio
512 2760 583 2791 vult
599 2760 740 2791 carere.’
763 2773 767 2776 ·
805 2783 808 2785 -
