1908 3126
1862 0 1889 12 Ὺ

1869 19 1885 39 ἱ

1021 36 1103 79 128

316 159 419 196 ante
452 153 951 204 commensuracionem,
983 166 1070 205 que
1107 151 1366 194 extenditur
1399 151 1443 192 in
1481 151 1806 206 longitudinem

315 232 359 266 et
392 224 672 266 latitudinem
704 230 748 265 et
780 222 1140 277 profunditatem,
1168 222 1209 262 in
1241 235 1332 276 quo
1365 222 1530 263 factum
1558 229 1623 264 est
1650 236 1808 277 corpus

317 293 593 349 simpliciter.

28 378 96 404 then
111 377 160 404 the
173 376 253 410 place
367 364 556 406 Deinde
577 377 736 417 corpus
757 362 926 403 habens
954 361 1142 417 figuram
1169 361 1491 425 nobilissimam
1522 376 1610 416 que
1630 363 1809 417 Superat

28 411 257 445 Osthesphms'
319 448 474 475 omnes
514 433 679 488 figuras
718 439 763 474 et
800 439 867 474 est
905 433 1047 473 verior
1084 432 1386 485 comparative
1423 439 1467 474 et
1503 433 1729 487 antiquior
1765 439 1846 483 et5

318 504 530 545 remansit
571 503 615 544 in
663 503 761 544 loco
804 515 893 543 uno
935 516 1164 556 spe1··a1um
1200 509 1244 543 et
1287 501 1566 582 planetarum
1601 503 1646 544 id
1687 504 1809 557 quod

321 575 401 616 fuit
426 574 578 628 purius
600 587 658 614 ex
681 587 734 614 eo
758 578 801 614 et
824 573 944 627 quod
968 572 1050 613 fuit
1075 571 1328 626 simplicius.

29 657 253 690 Thesphereof
381 645 505 685 P1ior
547 657 653 699 ergo
694 656 921 698 sperarum
965 649 1032 683 est
1070 656 1198 696 spe1a
1247 642 1524 685 circumdans
1567 658 1709 698 usque
1754 644 1811 685 ad

1904 1764 1908 1803 ἐ

1904 1829 1908 1890 1

1906 1896 1908 1943 l

1906 1946 1908 1963 Ι

1906 1968 1908 2041 1

1906 2061 1908 2082 1

27 693 226 765 ᾗῐῗὲξζῃὸ
319 714 559 756 terminum
594 728 723 769 spere
759 713 900 755 Lune.
981 713 1041 754 Et
1075 719 1178 753 sunt
1212 713 1367 754 decem
1400 713 1494 765 celi,
1526 727 1662 756 unum
1696 715 1812 756 intra

319 786 438 827 aliud
469 785 583 826 infra
612 798 659 825 se
687 784 887 825 invicem.
963 783 1113 824 Prima
1135 796 1241 836 ergo
1265 790 1309 825 et
1331 785 1530 838 superior
1551 798 1779 840 sperarum
1806 788 1810 846 Ι
1835 801 1872 824 10

208 875 248 909 97
268 869 300 898 b.
319 862 386 897 est
415 869 544 911 spera
572 855 851 896 circumdans
867 853 879 877 ¹
901 870 909 895 :
955 854 1119 895 deinde
1153 852 1265 904 infra
1289 853 1429 908 ipsam
1453 868 1582 909 spera
1604 855 1813 897 siderum.

29 930 255 997 gffssrgh50⁰nggf
321 926 429 968 Post
450 939 585 980 quam
616 932 684 967 est
709 938 837 979 spera
861 923 1054 972 Saturni,
1077 931 1121 964 et
1144 924 1204 964 sic
1236 937 1374 978 usque
1395 925 1452 966 ad
1475 925 1813 979 speram-Lune,
1839 947 1848 954 ’

30 999 62 1024 of
73 999 121 1025 the
133 998 277 1024 elements.

321 1054 488 1092 materia
507 1053 630 1091 habet
651 1050 925 1091 dimensiones
945 1050 1233 1097 interminatas,
1249 1050 1343 1100 quia
1363 1064 1507 1102 corpus
1529 1051 1570 1090 in
1591 1050 1814 1091 universale

321 1108 444 1147 habet
465 1107 739 1147 dimensiones
759 1114 853 1145 ante
874 1107 915 1144 in
937 1105 1078 1145 ordine
1098 1113 1238 1146 nature
1258 1119 1380 1156 quam
1402 1107 1533 1145 celum
1554 1114 1594 1146 et
1614 1107 1814 1146 elementa

322 1171 361 1203 et
390 1162 525 1210 mixta,
548 1175 626 1213 que
652 1162 804 1200 habent
831 1160 1105 1200 dimensiones
1136 1161 1421 1201 determinatas
1451 1174 1521 1212 per
1541 1174 1632 1201 suas
1653 1169 1814 1201 naturas
1836 1175 1872 1208 15

321 1217 540 1269 specificas,
563 1225 639 1256 etc.

30 1283 93 1309 The
107 1283 188 1309 nium
377 1273 387 1292 ¹
420 1274 544 1323 Spera
564 1273 817 1320 circumdans,
840 1270 991 1310 scilicet
1018 1271 1165 1319 omnia,
1189 1271 1339 1311 scilicet
1352 1272 1484 1310 celum
1506 1284 1671 1319 nonum,
1695 1280 1735 1310 et
1755 1280 1814 1310 est

30 1318 140 1350 Sphere·
322 1329 452 1367 celum
474 1340 650 1378 aqueum
668 1334 707 1366 et
727 1325 962 1377 empireum,
984 1333 1027 1364 ut
1040 1325 1308 1378 intelligamus
1329 1326 1403 1365 hos
1424 1327 1527 1365 duos
1548 1327 1656 1366 celos
1677 1326 1742 1366 hic
1760 1327 1813 1366 ab

322 1383 528 1422 Aristotile
557 1382 847 1433 comprehendi
875 1380 950 1420 sub
980 1394 1094 1432 spera
1121 1382 1365 1429 continente,
1391 1381 1484 1431 quia
1512 1381 1642 1432 primo
1661 1382 1815 1421 Metha—

312 1439 458 1489 plzz‘sice
492 1437 586 1476 facit
625 1436 881 1476 mencionem
920 1437 972 1475 de
1011 1437 1098 1475 celo
1137 1437 1298 1476 decimo
1337 1437 1448 1487 quod
1488 1443 1547 1475 est
1579 1435 1812 1488 empireum,
1836 1447 1874 1470 20

322 1492 589 1539 circumdans,
626 1491 788 1539 scilicet,
822 1490 958 1529 omnia
987 1490 1181 1530 visibilia:
1212 1500 1250 1531 et
1278 1493 1353 1531 1166
1386 1491 1508 1530 habet
1539 1493 1640 1531 duas
1667 1505 1813 1542 speras,
1852 1491 1856 1493 ’

322 1548 485 1595 scilicet,
518 1548 650 1586 celum
685 1546 907 1597 empireum
938 1552 976 1584 et
1011 1547 1141 1585 celum
1172 1560 1361 1598 aqueum.
1422 1545 1493 1584 Hii
1524 1547 1608 1585 duo
1617 1544 1703 1586 celi
1724 1554 1816 1586 sunt

324 1578 545 1642 invisibiles
579 1601 816 1640 mortalibus
848 1609 886 1640 et
919 1600 1170 1640 circumdant
1211 1604 1259 1640 ,8.
1302 1602 1410 1640 66105
1444 1600 1649 1640 inferiores
1689 1609 1728 1641 et
1763 1616 1814 1649 .4.

325 1671 459 1708 speras
490 1658 794 1703 elementorum,
818 1657 926 1695 unde
948 1656 1252 1706 quatuordecim
1275 1664 1367 1695 sunt
1388 1669 1501 1706 spere
1524 1655 1676 1696 mundi.
1752 1658 1815 1695 De

324 1712 408 1752 istis
428 1719 565 1751 autem
585 1713 728 1751 decem
743 1712 838 1750 celis
860 1724 942 1750 non
959 1712 1088 1750 solum
1103 1712 1278 1762 theologi
1296 1719 1355 1750 set
1369 1710 1600 1762 philosophi
1613 1712 1814 1762 loquutur,
1838 1722 1874 1757 25

324 1775 366 1806 ut
386 1766 688 1818 antiquissimus
710 1767 936 1817 Pictagoras
958 1774 996 1805 et
1017 1766 1240 1806 Aristotiles
1262 1766 1302 1805 in
1323 1767 1504 1806 secundo
1524 1767 1816 1817 slsetlzaplu‘stke,

325 1823 365 1861 in
405 1821 671 1861 translacione
712 1822 862 1871 Boecij‚
904 1829 942 1860 et
974 1823 1219 1860 Messalama
1251 1830 1503 1861 astronomus
1538 1820 1578 1859 in
1617 1821 1720 1860 libro
1754 1823 1818 1860 De

323 1878 449 1916 causis
467 1878 577 1925 orbis,
602 1884 641 1916 et
669 1883 963 1915 commentator
994 1876 1192 1916 Ptolomei
1224 1890 1341 1927 super
1370 1877 1598 1926 Almagesti.
1657 1877 1816 1915 Novem

35 1945 92 1970 Are
107 1945 184 1971 there
199 1944 263 1970 nine
277 1953 309 1971 or
326 1931 434 1972 enim
455 1933 564 1971 celos
584 1940 741 1982 ponunt
761 1931 1004 1983 philosophi,
1027 1939 1067 1971 et
1087 1933 1197 1982 quod
1219 1945 1372 1970 nonum
1401 1930 1450 1970 sit
1469 1944 1645 1992 aqueum
1666 1930 1817 1982 ignora-

37 1985 83 2005 ten
97 1979 231 2012 Sphffl'ffi?
326 1994 478 2034 verunt,
502 1994 562 2026 set
582 1986 698 2038 pauci
715 1986 946 2037 philosophi
967 1994 1186 2037 posuerunt
1203 1986 1406 2026 decimum
1421 1998 1496 2025 nec
1510 1985 1853 2025 nominaverunt’»
1836 1994 1876 2039 39

326 2042 457 2093 ipsum
497 2041 663 2081 nomine
702 2040 876 2092 speciali,
918 2043 1028 2091 quod
1068 2049 1127 2081 est
1166 2043 1414 2091 empireum·
1452 2040 1506 2079 illi
1545 2048 1682 2080 tamen
1715 2054 1817 2092 quos

325 2096 532 2136 nominavi
562 2104 782 2148 posuerunt
816 2097 1032 2135 decimum.
1095 2098 1156 2135 De
1195 2096 1270 2135 hiis
1302 2095 1425 2147 speris
1452 2090 1638 2134 celorum
1672 2103 1711 2135 et
1743 2097 1818 2135 ele-

326 2160 554 2191 mentorum
603 2152 794 2202 reperitur
832 2150 1034 2202 exposicio
1074 2151 1254 2202 superius
1294 2159 1386 2190 ante
1425 2150 1568 2189 librum
1618 2152 1738 2199 hunc,
1780 2159 1818 2189 et

326 2206 506 2245 similiter
533 2205 734 2257 figuracio.

371 2330 392 2359 8
416 2328 570 2369 Chapter
585 2328 728 2360 lxxxvii.
750 2326 788 2359 V.

371 2453 392 2480 9
417 2441 554 2481 decem]
572 2450 693 2472 novem
717 2440 752 2470 V.

374 2541 415 2570 16
437 2539 596 2570 Footnote
615 2539 650 2569 in
675 2538 776 2570 MS:
803 2537 1029 2570 ‘Substancia
1050 2548 1228 2578 corporea,
1253 2543 1305 2569 est
1329 2538 1474 2579 primum
1498 2538 1686 2578 subjectum
1711 2549 1816 2579 gene·

328 2591 478 2622 racionis
495 2596 531 2623 et
552 2590 801 2631 corrupcionis,
822 2595 856 2622 et
880 2601 955 2621 cum
980 2601 1036 2622 res
1060 2591 1235 2622 reducitur
1250 2592 1293 2622 ad
1314 2590 1396 2622 illud
1418 2596 1499 2622 tunc
1516 2596 1658 2622 vocatur
1674 2592 1816 2624 materia

327 2644 438 2683 prima
465 2653 577 2674 rerum
606 2643 854 2684 generabilium
878 2649 912 2675 et
936 2643 1216 2683 corruptibilium,
1244 2644 1322 2683 quia
1347 2653 1403 2675 res
1426 2643 1518 2675 illius
1542 2644 1678 2684 generis
1702 2649 1755 2676 est
1780 2645 1838 2676 in'

327 2696 490 2737 potencia
506 2697 550 2728 ad
566 2696 679 2728 omnia
697 2696 907 2737 generabilia
923 2700 957 2727 et
973 2695 1228 2736 corruptibilia!
