1908 3126
1045 70 1095 106 14

320 185 410 214 sunt
442 174 753 213 innumerabiles
784 173 895 211 stelle
927 185 1045 222 parve
1076 172 1300 210 secundum
1331 183 1506 218 sensum,
1529 171 1597 220 qui
1619 176 1812 208 vocantur

321 243 406 281 fixe.
468 243 519 280 Et
539 240 767 279 convexitas
793 239 910 288 hujus
932 238 1019 285 celi,
1042 236 1203 284 scilicet,
1222 237 1422 275 stellarum
1447 236 1623 283 fixarum,
1643 237 1749 286 jacet
1769 234 1811 274 in

321 309 570 348 concavitate
609 306 682 345 celi
722 304 852 355 aquei,
889 311 928 343 et
968 303 1196 342 convexitas
1236 304 1321 353 ejus
1361 301 1433 340 celi
1470 302 1588 352 aquei
1625 302 1730 352 jacet
1770 302 1811 340 in

320 373 569 413 concavitate
598 372 671 411 celi
708 370 883 422 empirei,
921 370 1030 420 quod
1066 376 1126 407 est
1160 381 1419 419 suppremum
1459 369 1602 406 celum.
1662 369 1715 406 Et
1754 368 1811 407 sic

321 439 531 491 quodlibet
558 438 562 490 Ι
590 438 754 476 istorum
795 449 1007 487 corporum
1039 434 1219 474 continet
1257 433 1367 473 aliud
1401 433 1504 473 sicut
1542 441 1672 493 partes
1711 446 1811 485 cepe
1831 445 1848 478 5

320 505 530 545 continent
570 518 611 543 se
651 511 804 542 mutuo.
864 503 915 540 Et
930 508 1082 552 quanto
1117 499 1287 539 exterius
1328 508 1386 539 est
1420 513 1564 551 corpus
1603 507 1716 539 tanto
1751 508 1812 539 est

320 573 447 622 majus
469 570 569 609 sicut
591 569 773 608 videmus
795 568 835 606 in
857 569 990 618 figura,
1015 581 1063 606 ex
1083 580 1164 618 quo
1191 574 1300 618 patet
1321 567 1432 617 quod
1459 567 1602 605 decem
1624 574 1717 605 sunt
1737 567 1812 606 celi

322 646 360 677 et
390 645 560 687 quatuor
589 638 800 675 elementa.
860 636 966 673 Nam
1006 633 1081 672 celi
1121 640 1227 681 sunt,
1267 640 1309 671 ut
1339 634 1469 672 celum
1511 634 1637 681 Lune,
1679 634 1810 672 celum

322 703 522 750 Mercurii,
547 703 678 741 celum
700 701 879 746 Veneris,
903 702 1034 740 celum
1064 699 1177 746 Solis,
1201 701 1332 738 celum
1359 700 1511 747 Martis,
1535 700 1665 738 celum
1686 698 1809 750 Jovis,

319 771 450 808 celum
473 769 642 816 Saturni,
666 769 796 807 celum
818 768 1019 806 stellarum
1053 767 1229 813 fixarum,
1254 766 1384 804 celum
1411 779 1598 816 aqueum,
1620 772 1658 804 et
1680 766 1811 804 celum
1833 776 1873 799 10

321 836 554 886 empireum.
616 836 778 885 Septem
818 832 935 884 igitur
973 833 1047 872 celi
1100 840 1191 871 sunt
1240 833 1442 871 stellarum
1493 845 1572 882 que
1620 838 1812 870 vocantur

319 900 720 953 planete—‘planes’
743 901 872 939 Grece
893 906 955 938 est
979 903 1110 937 ‘error
1126 900 1133 915 '
1152 897 1481 937 Latine—errant
1511 897 1631 946 enim,
1654 898 1732 937 hoc
1753 905 1812 937 est

321 975 543 1014 moventur,
571 980 679 1005 nunc
699 967 750 1005 ad
781 965 1094 1016 septentrionem
1126 978 1233 1003 nunc
1264 966 1315 1004 ad
1347 963 1566 1013 meridiem,
1589 972 1628 1003 et
1655 971 1812 1011 mutant
1866 983 1875 990 ,

320 1035 485 1085 figuram
507 1047 577 1072 sue
604 1033 810 1072 distancie.
870 1033 990 1071 Stelle
1021 1045 1114 1071 vero
1143 1031 1184 1069 in
1214 1032 1302 1070 celo
1332 1038 1475 1070 octavo
1504 1031 1693 1070 dicuntur
1722 1029 1810 1079 fixe,

322 1099 415 1151 quia
437 1101 559 1150 figura
580 1098 774 1138 distancie
805 1111 940 1137 earum
962 1106 1020 1137 est
1050 1097 1270 1146 uniformis,
1294 1105 1336 1136 ut
1364 1098 1395 1135 si
1428 1100 1505 1136 tr'es
1529 1098 1642 1136 stelle
1663 1096 1812 1136 distent
1834 1109 1870 1141 15

321 1180 391 1217 per
411 1167 532 1205 latera
561 1164 745 1215 trianguli
766 1177 924 1215 semper
953 1172 1045 1203 sunt
1067 1163 1107 1202 in
1129 1165 1271 1203 eadem
1293 1164 1415 1214 figura
1437 1171 1476 1202 et
1505 1162 1701 1202 distancia
1722 1164 1808 1201 fixa.

321 1233 389 1271 Set
410 1233 569 1282 planete
585 1244 666 1270 non
679 1238 837 1270 servant
857 1232 961 1269 hanc
978 1230 1167 1270 fixionem
1195 1229 1389 1269 distancie
1414 1243 1553 1269 eorum
1570 1229 1809 1277 abinvicem,

322 1297 416 1349 quia
441 1298 661 1348 aliquando
693 1304 786 1336 sunt
818 1297 948 1345 simul,
975 1296 1194 1347 aliquando
1228 1303 1470 1347 separantur.
1533 1297 1672 1335 Motus
1704 1296 1811 1335 enim

321 1365 522 1403 stellarum
545 1364 710 1402 fixarum
731 1363 950 1414 aliquando
972 1371 1030 1402 est
1051 1376 1186 1402 versus
1208 1362 1414 1402 meridiem
1436 1362 1655 1413 aliquando
1676 1375 1812 1402 versus

320 1429 645 1480 septentrionem.
1832 1447 1870 1468 20

378 1497 589 1534 Elementa
610 1509 702 1534 vero
733 1503 825 1534 sunt
855 1503 1035 1546 quatuor,
1060 1504 1103 1534 ut
1131 1509 1244 1546 spera
1274 1502 1385 1542 terre,
1409 1508 1522 1545 spera
1552 1509 1667 1545 aque,
1697 1507 1812 1546 spera

319 1561 431 1609 aeris,
463 1575 577 1611 spera
616 1561 726 1611 ignis.
790 1563 840 1600 Et
875 1574 990 1612 spera
1029 1563 1128 1612 ignis
1168 1561 1380 1601 revolvitur
1414 1575 1484 1612 per
1512 1560 1809 1600 revolucionem

320 1640 434 1678 spere
466 1629 589 1674 Lune,
614 1635 651 1666 et
681 1641 795 1677 spera
824 1627 924 1666 aeris
955 1628 1087 1666 minus
1118 1627 1330 1667 revolvitur
1355 1635 1392 1666 et
1414 1641 1528 1678 spera
1553 1641 1657 1678 aque
1677 1628 1810 1667 adhuc

319 1693 462 1741 minus,
486 1702 543 1732 set
565 1707 678 1744 spera
699 1702 798 1733 terre
829 1707 922 1742 non,
956 1693 1049 1744 quia
1079 1702 1138 1732 est
1168 1701 1349 1732 centrum
1377 1695 1504 1732 tocius
1535 1707 1648 1745 spere
1669 1692 1809 1733 mundi

319 1758 523 1805 inmobile,
545 1759 648 1797 circa
664 1761 775 1809 quod
796 1759 933 1798 onmia
952 1760 1029 1798 alia
1049 1761 1315 1799 revolvuntur.
1831 1778 1867 1810 ²5

376 1827 443 1865 Set
459 1827 510 1864 ad
525 1833 657 1864 motus
672 1827 849 1864 celorum
865 1827 1158 1877 intelligendos,
1177 1834 1335 1876 oportet
1356 1839 1429 1866 nos
1451 1828 1666 1878 ymaginari
1688 1826 1810 1866 circu-

320 1893 379 1930 los
391 1891 563 1942 aliquos,
577 1899 615 1930 et
631 1893 714 1930 duo
730 1899 822 1931 sunt
836 1892 1086 1943 principales,
1103 1891 1253 1931 scilicet
1267 1891 1563 1943 equinoccialis,
1583 1894 1650 1944 qui
1668 1892 1810 1933 dividit

321 1965 449 1996 totum
472 1959 668 1996 mundum
691 1959 730 1995 in
753 1959 852 1998 duas
873 1966 1004 2009 partes
1035 1960 1209 2009 equales,
1233 1966 1272 1998 et
1301 1958 1529 1998 habitantes
1551 1959 1591 1998 in
1612 1966 1714 1998 terra
1733 1959 1809 1998 sub

320 2022 388 2061 illo
418 2023 568 2062 circulo
598 2023 749 2062 habent
784 2037 942 2074 semper
972 2023 1268 2075 equinoecium,
1300 2033 1339 2064 et
1374 2024 1466 2064 ideo
1501 2024 1687 2064 homines
1717 2032 1810 2064 sunt

320 2088 373 2127 ibi
423 2089 754 2139 temperatissime
794 2090 1083 2140 complexionis
1123 2098 1161 2129 et
1199 2091 1361 2141 optime.
1435 2092 1487 2132 Et
1526 2090 1590 2130 hic
1638 2090 1808 2130 circulus
1828 2105 1868 2138 30

320 2153 598 2204 imaginandus
619 2164 678 2194 est
700 2155 739 2193 in
769 2157 856 2194 celo
878 2163 1021 2195 octavo
1042 2163 1081 2195 et
1101 2169 1223 2205 nono,
1245 2156 1407 2205 scilicet,
1430 2157 1472 2196 in
1497 2159 1585 2197 celo
1604 2171 1748 2210 aqueo,
1770 2165 1808 2197 et

321 2232 400 2257 una
432 2221 626 2259 medietas
656 2220 784 2260 tendit
805 2222 866 2259 vel
897 2220 1071 2260 declinat
1092 2223 1144 2261 ad
1175 2223 1499 2273 septentrionem,
1522 2223 1599 2263 alia
1622 2225 1675 2263 ad
1696 2223 1808 2263 meri—

320 2283 440 2332 diem,
463 2293 501 2323 et
522 2294 686 2324 vocatur
716 2286 915 2335 zodiacus,
939 2286 1033 2337 quia
1057 2289 1173 2326 ‘zoe'
1204 2289 1333 2327 Grece
1354 2296 1412 2327 est
1437 2293 1445 2309 ‘
1460 2289 1631 2328 animal'
1653 2289 1805 2338 Latine,

320 2357 357 2388 et
378 2353 385 2369 ‘
400 2363 506 2398 zons,
523 2352 642 2400 hujus
658 2351 784 2390 zontis
799 2354 817 2400 ',
834 2360 893 2391 est
911 2357 917 2371 ‘
933 2352 1068 2392 vivens
1086 2355 1105 2392 ².
1157 2354 1312 2393 Dicitur
1328 2368 1422 2406 ergo
1438 2355 1624 2395 zodiacus
1637 2356 1808 2396 circulus

319 2414 483 2465 quidam
505 2416 543 2454 in
566 2418 653 2456 celo
674 2419 841 2466 stellato,
857 2431 906 2457 eo
923 2420 1033 2469 quod
1049 2421 1162 2458 stelle
1182 2420 1333 2459 habent
1349 2421 1389 2459 in
1411 2434 1460 2460 eo
1476 2422 1619 2472 figuras
1633 2423 1806 2462 hominis
1827 2433 1865 2467 35

321 2488 359 2518 et
380 2480 613 2520 animalium
634 2482 871 2523 vivencium.
933 2485 1056 2524 Unde
1077 2485 1205 2536 prima
1230 2499 1320 2536 pars
1349 2487 1467 2537 hujus
1487 2486 1623 2526 circuli
1643 2495 1808 2527 vocatur

272 2577 302 2589 „
321 2547 446 2593 Aries,
473 2547 567 2597 quia
593 2549 706 2588 stelle
732 2547 737 2601 Ι
763 2558 1055 2601 congregantur
1078 2551 1118 2589 in
1144 2553 1310 2591 modum
1338 2552 1469 2592 arietis
1493 2552 1576 2592 sive
1606 2554 1646 2592 in
1676 2552 1808 2605 dispo-

320 2610 471 2650 sicione
490 2612 632 2651 arietis.
693 2616 744 2653 Et
774 2617 953 2655 secunda
981 2630 1071 2667 pars
1100 2619 1268 2666 Taurus,
1302 2617 1395 2668 quia
1424 2617 1480 2658 ibi
1509 2626 1569 2658 est
1588 2618 1807 2670 disposicio

320 2677 519 2715 stellarum
541 2677 581 2715 in
602 2679 728 2717 forma
748 2680 859 2719 tauri.
922 2683 972 2720 Et
993 2681 1113 2721 tercia
1140 2696 1228 2733 pars
1250 2691 1413 2722 vocatur
1434 2683 1607 2733 Gemini,
1636 2684 1730 2736 quia
1750 2684 1804 2724 ibi
1852 2683 1859 2690 ’

1867 3089 1883 3126 *s
