1908 3126
1044 66 1099 103 42

323 168 549 222 dispenset
573 168 635 209 eis
666 182 767 208 suas
794 167 973 209 divicias
1002 168 1235 222 sapienter,
1262 176 1305 210 et
1335 169 1449 210 circa
1477 182 1553 210 cos
1582 177 1812 211 excerceat

324 238 588 290 largitatem,
603 237 888 279 retribuendo
904 237 1088 291 singulis
1104 239 1342 279 secundum
1360 238 1516 280 merita
1530 236 1812 292 singulorum.

327 309 386 350 Et
409 322 509 350 cum
533 314 628 349 toto
658 308 758 355 isto,
781 314 959 360 oportet
983 321 1131 361 regem
1155 309 1317 349 habere
1346 308 1476 349 aliam
1500 305 1735 357 cautelam{
1757 309 1812 349 de
1872 341 1880 356 ,

325 392 413 432 qua
428 377 586 420 faciam
604 377 683 418 tibi
702 378 975 419 mencionem
996 379 1037 418 in
1054 379 1350 431 sequentibus,
1366 377 1543 430 scilicet,v
1560 379 1603 418 in
1619 377 1810 433 capitulo

35 471 96 498 The
110 471 281 510 second-152
325 450 381 490 de
403 448 571 488 diviciis
595 455 638 489 et
658 447 973 501 juvaminibus.
1018 448 1270 490 Secundum
1291 443 1500 502 juvamen
1518 455 1585 489 est
1607 448 1810 489 inducere
1831 467 1848 499 5
1877 437 1897 509 Ξ

36 506 294 573 ῗηοῗξῖξῗᾷἷῖξξζξζῗη
325 519 497 559 animos
534 519 588 559 ad
628 519 911 572 operaciones
947 518 1100 566 licitas,
1134 526 1177 560 et
1214 520 1331 560 istud
1365 518 1563 573 precedit
1595 523 1639 558 et
1670 523 1737 559 est
1768 518 1810 558 in
1895 506 1897 525 ἶ

325 589 469 642 primo
510 588 662 642 gradu.
729 588 789 629 Et
831 588 948 630 istud
991 589 1233 630 secundum
1273 588 1483 643 J'uvamen
1526 587 1662 629 habet
1703 587 1814 629 duas

36 666 168 726 ffsut'fflgld
183 675 267 692 cause
324 672 479 700 causas
502 659 782 700 intrinsecam
803 665 845 699 et
867 659 1177 700 extrinsecam.
1240 659 1385 700 Causa
1408 658 1655 700 extrinseca
1676 663 1743 699 est
1766 665 1814 698 ut

184 731 186 733 ’
220 754 258 788 37
276 758 305 778 a.
325 743 404 769 rex
434 728 655 782 justiciam
693 728 696 782 Ι
734 735 967 770 excerceat
1009 730 1121 770 circa
1155 730 1452 783 possessiones
1488 736 1533 771 et
1574 727 1815 782 adquisitas

35 820 249 853 Justiceinthe
326 800 532 854 pecunias
563 799 841 840 subditorum
870 799 1110 854 parciendo
1142 805 1186 840 et
1221 800 1480 841 miserando.
1542 797 1686 840 Causa
1712 812 1814 839 vero
1837 816 1875 855 ι4

36 856 307 928 ῗᾷζὲξῖηῗῖιιρζῗξρς,
325 870 558 911 intrinseca
579 878 645 911 est
673 877 891 910 secretum
915 871 1199 923 antiquorum
1223 869 1584 925 philosophorum
1610 876 1653 910 et
1673 869 1812 923 justo-
1839 878 1842 879 ’
1870 879 1871 882 ’

293 955 421 997 frum
455 941 681 982 consilium
715 955 823 994 quos
854 941 1070 995 gloriosus
1107 943 1226 982 Deus
1259 941 1472 995 preelegit
1508 947 1552 982 et
1594 941 1669 997 eis.
1690 954 1813 980 suam
1847 967 1856 974 -
1894 958 1897 970 ν

325 1012 560 1053 scienciam
588 1011 929 1052 commendavit.
996 1011 1054 1052 Et
1082 1025 1164 1065 ego
1197 1012 1467 1052 commendo
1498 1011 1579 1052 tibi
1611 1009 1814 1051 illud'se-
1893 1003 1897 1016 ⁸

37 1103 129 1129 wffich
144 1113 199 1136 you
214 1106 268 1131 wi„
327 1088 494 1122 cretum
514 1096 612 1122 cum
631 1081 894 1134 quibusdam
914 1081 1010 1122 aliis
1028 1095 1112 1135 que
1132 1081 1323 1121 invenies
1346 1082 1388 1121 in
1404 1081 1587 1122 diversis
1611 1078 1814 1134 capitulis
1874 1119 1876 1127 ,
1893 1115 1897 1125 ,

37 1137 94 1163 find
110 1138 183 1165 here.

36 1179 141 1220 Search
155 1182 197 1207 for
211 1182 258 1208 the

36 1220 155 1242 esoteric
176 1216 287 1243 meanin

35 1248 112 1275 ofit<
127 1250 255 1277 maxims.

36 933 120 953 sions,

35 970 91 995 and
107 970 154 996 the
169 977 258 997 secret
273 980 289 998 o

37 1004 241 1037 philosophers,

329 1152 418 1192 sive
440 1152 580 1192 titulis
603 1151 732 1204 hujus
756 1151 868 1192 libri.
932 1150 984 1191 In
1008 1152 1168 1204 quibus
1191 1152 1464 1192 extrinsecus
1489 1150 1813 1205 philosophiam
1838 1159 1897 1208 1325,

291 1226 310 1250 ἕ
329 1222 571 1262 maximam
617 1222 810 1262 invenies
851 1230 894 1262 et
937 1222 1197 1271 doctrinam,
1230 1221 1488 1262 intrinsecus
1530 1221 1647 1261 enirn
1685 1234 1815 1262 causa
1870 1242 1885 1257 ε

328 1291 466 1333 finalis
484 1306 569 1346 que
587 1292 827 1333 intenditur
840 1292 1102 1342 continetur,
1121 1292 1180 1333 ibi
1197 1293 1312 1333 enim
1331 1299 1394 1333 est
1414 1299 1559 1333 totum
1579 1290 1817 1345 principale
1871 1277 1895 1360 '3

327 1362 604 1416 propositum
637 1369 680 1403 et
708 1361 851 1403 finale.
912 1361 1024 1403 Cum
1045 1363 1177 1416 igitur
1194 1363 1441 1417 perceperis
1463 1361 1816 1415 significaciones
1868 1363 1893 1399 5³

325 1440 597 1474 secretorum
622 1439 665 1474 et
687 1433 914 1488 enigmata
937 1433 1257 1487 exemplorum,
1280 1439 1386 1474 tunc
1409 1432 1536 1486 plene
1558 1439 1602 1475 et
1625 1431 1816 1486 perfecte
1868 1405 1890 1483 ἑ

37 1529 307 1563 thembythehelp
325 1503 625 1544 desideratum
659 1505 933 1557 propositum
957 1504 1249 1557 consequeris.
1315 1504 1438 1544 Deus
1468 1504 1616 1557 itaque
1646 1502 1814 1556 sapien·
1837 1496 1887 1567 262}

37 1564 299 1625 {ggss'gffikgfissgvssffi
326 1574 518 1614 tissimus
546 1581 589 1615 et
615 1573 956 1628 gloriosissimus
983 1582 1105 1615 tuam
1130 1574 1349 1615 illuminet
1374 1574 1594 1615 racionem
1616 1578 1661 1613 et
1693 1571 1814 1613 clari·
1870 1605 1878 1615 .

327 1643 428 1685 ficet
457 1643 729 1685 intellectum
760 1645 816 1685 ad
846 1644 1177 1699 percipiendum
1201 1644 1325 1686 istius
1352 1642 1539 1684 sciencie
1568 1655 1813 1683 sacramen·
1871 1644 1883 1683 ὅ

326 1722 434 1765 tum,
449 1722 496 1756 ut
511 1715 551 1755 in
568 1729 618 1755 ea
635 1715 842 1756 merearis
856 1715 1037 1768 adipisci
1057 1714 1245 1756 fructum
1263 1714 1472 1761 veritatis⁷
1490 1720 1538 1754 ut
1555 1726 1678 1754 meus
1692 1711 1816 1753 heres
1867 1758 1882 1778 δ

326 1791 370 1826 et
401 1798 624 1826 successor
657 1784 798 1826 fidelis
830 1785 1041 1836 efficiaris,
1072 1786 1167 1839 ipso
1200 1785 1300 1826 Deo
1332 1785 1580 1838 adjuvante,
1613 1782 1686 1837 qui
1719 1795 1816 1822 suas
1869 1810 1876 1818 .

326 1855 507 1896 divicias
526 1855 666 1896 influit
688 1855 993 1896 habundanter
1011 1856 1052 1896 in
1070 1856 1239 1896 animas
1258 1855 1521 1908 sapientum,
1540 1860 1583 1894 et
1606 1852 1815 1894 studenti·
1837 1865 1852 1888 2

328 1928 406 1967 bus
429 1926 582 1967 tribuit
605 1926 797 1979 graciam
822 1927 1132 1979 cognoscendi,
1150 1926 1218 1967 cui
1242 1924 1372 1967 nichil
1393 1931 1460 1966 est
1483 1923 1667 1975 difficile,
1682 1922 1812 1964 nichil
1855 1863 1889 2026 ἶ

327 1996 609 2050 impossibile,
656 1997 746 2036 sine
789 2010 878 2050 quo
923 1996 1054 2038 nichil
1099 2003 1163 2037 cst
1210 1995 1414 2050 possibile
1458 1993 1682 2048 possidere
1728 1992 1814 2046 (vel
1872 2029 1886 2048 Ε

1882 1269 1894 1286 Ι

38 1632 167 1659 wisdom.

327 2067 572 2120 possideri).
1866 2060 1889 2097 x

39 2140 67 2237 ξ
221 2212 227 2217 ‚
391 2164 641 2219 Capitulum
664 2167 867 2218 quintum
890 2165 941 2206 de
961 2164 1135 2218 reg-ibas
1154 2170 1197 2205 et
1215 2178 1364 2205 eorum
1389 2162 1514 2204 viciis
1541 2163 1656 2204 circa
1678 2161 1814 2214 largi·
1868 2157 1891 2228 ζ’

41 2222 247 2279 wiiic'huissiiiEn
330 2242 417 2276 tate
438 2242 481 2276 et
500 2236 712 2288 avaricia,
735 2236 827 2277 sive
847 2235 898 2276 dc
919 2235 1197 2289 quadruplici
1214 2249 1366 2288 regum
1387 2233 1639 2275 condicione.
1834 2253 1854 2286 3
1871 2226 1894 2293 ’ἢ

39 2287 111 2307 trent
127 2281 199 2307 their
213 2282 276 2308 sub-

35 2315 244 2348 jeC‘S'Wfflsth·
429 2322 548 2376 Eges
581 2329 681 2363 sunt
716 2329 930 2376 quatuor:
974 2336 1051 2362 rex
1085 2321 1230 2376 largus
1263 2322 1344 2362 sibi
1378 2328 1420 2362 et
1452 2320 1597 2375 largus
1628 2320 1817 2360 subditis

220 2395 257 2426 37
278 2386 308 2417 ¹³·
448 2393 545 2441 suis,
568 2399 611 2433 et
646 2406 723 2433 rex
746 2406 903 2433 avarus
924 2392 1005 2433 sibi
1029 2399 1073 2433 et
1105 2406 1262 2433 avarus
1284 2391 1471 2433 subditis
1498 2391 1598 2446 ειιίε,2
1627 2388 1634 2444 Ι
1661 2395 1704 2430 et
1739 2403 1817 2430 rex

330 2475 486 2502 avarus
519 2462 599 2502 sibi
633 2469 677 2504 et
709 2462 853 2515 largus
886 2462 1087 2509 subditis,
1110 2468 1153 2502 et
1187 2476 1265 2503 rex
1297 2461 1441 2516 largus
1473 2461 1555 2502 sibi
1588 2466 1631 2502 et
1662 2473 1817 2500 avarus
1868 2447 1872 2458 ⁵

42 2532 171 2559 “alim-*-
331 2532 530 2573 subditis,
597 2531 736 2573 Italici
768 2533 916 2585 itaque
945 2533 1165 2581 dixerunt,
1188 2545 1274 2574 non
1307 2538 1372 2572 est
1393 2531 1552 2573 vicium
1582 2531 1624 2571 in
1655 2543 1756 2583 rege
1781 2530 1816 2570 si

29 2608 169 2635 'Indians-
332 2608 399 2642 est
421 2616 576 2643 avarus
610 2602 689 2642 sibi
722 2609 764 2643 et
797 2601 946 2656 largus
978 2602 1180 2643 subditis
1248 2602 1345 2642 Indi
1369 2615 1474 2642 vero
1497 2601 1718 2651 dixerunt,
1740 2599 1815 2652 qui
1836 2612 1854 2645 3

374 2719 417 2748 29
441 2709 594 2749 Chapter
610 2711 653 2742 vi.
674 2710 712 2743 Γ.
760 2711 946 2742 Discourse
967 2711 978 2742 I
997 2711 1131 2751 begins,
