1908 3126
14 474 101 501 Don't
116 474 211 507 grie-ve

12 518 80 535 over
93 509 189 541 things
203 514 276 542 past.

13 678 75 704 The
89 679 228 705 advance-

14 719 89 739 ment
104 713 134 739 of
146 714 284 747 learning.

193 824 233 855 49
253 813 282 845 b·

15 886 150 913 Children
164 895 211 911 are
226 893 255 911 t«)

14 921 49 947 be
63 921 97 946 be
111 921 207 947 forced

14 962 43 981 to
57 956 153 987 study.

15 1094 154 1120 Students
167 1102 214 1119 are
229 1099 257 1118 to

15 1128 49 1154 be
63 1127 218 1158 rewarded,

14 1307 71 1334 and
86 1307 154 1339 they
168 1306 223 1332 will

15 1341 118 1375 spread
132 1349 204 1374 your

15 1377 97 1402 fame.

17 1661 105 1686 What
120 1661 170 1686 has
185 1661 267 1687 made

19 1695 126 1722 Greece
140 1702 171 1719 so

17 1730 128 1756 famous
139 1732 150 1756 ’ἐ

19 1798 45 1824 Ιῑ
61 1807 117 1824 was
132 1798 180 1824 the
194 1798 255 1824 dili-

18 1841 106 1865 gence
120 1833 151 1858 of
161 1833 211 1858 her

18 1867 150 1893 students
166 1874 171 1893 ζ

18 1945 88 1962 even
103 1935 171 1968 girls
186 1944 257 1961 were

20 1970 142 2001 learned¹

207 2015 247 2045 50
261 2015 290 2035 a.

22 2317 65 2342 An
82 2316 236 2341 unlearned

21 2350 90 2382 king
102 2349 123 2376 is
135 2358 269 2375 acrowm
268 2350 292 2375 *d

22 2393 76 2410 355.

200 2435 241 2465 4‘)
262 2425 292 2455 ¹1-

1022 99 1078 151 58

365 211 615 267 Capitulum
646 214 899 256 vicesimum
928 214 1046 268 qnod
1068 230 1151 256 non
1177 223 1243 257 est
1265 215 1497 259 dolendum
1519 217 1570 258 de
1591 216 1795 259 adversis

291 284 524 338 preteritis
555 285 659 337 qnia
693 285 865 326 matari
893 300 975 326 non
998 293 1195 340 possunt,
1228 293 1270 326 et
1304 286 1356 327 de
1387 286 1551 335 studiis
1582 287 1793 340 sapiencie

301 354 562 396 ordinandis
582 361 623 395 ct
642 353 694 395 de
714 355 838 396 scolis
863 362 906 397 el
921 355 1081 397 studiis
1092 356 1403 410 preparandis.

432 454 501 496 Oli
525 455 724 509 penitere
747 468 825 509 pro
844 469 888 497 re
906 455 1127 510 preterita,
1143 455 1352 509 quoniam
1375 443 1459 497 hoc
1481 461 1547 496 est
1565 455 1793 509 proprium

431 525 641 566 debilium
661 532 704 566 et
723 525 966 567 mulierum.
1014 525 1254 566 Manifesta
1274 526 1559 578 probitatem,
1573 526 1794 567 custodias

303 595 607 644 curialitatem,
623 609 748 636 sensa
763 595 1014 637 bonitatem
1031 602 1075 637 et
1093 609 1277 637 excerce
1297 609 1306 645 ;
1330 596 1371 636 in
1390 595 1472 637 hoc
1488 602 1554 636 est
1570 595 1795 650 proteccio

304 666 439 720 regni,
477 665 725 707 destruccio
769 665 944 706 inimici.
1020 665 1061 708 O
1105 666 1345 719 imperator
1388 665 1576 720 egregie,
1608 678 1794 719 prepara

303 736 505 791 gignasia
520 734 534 758 ¹
555 735 638 789 (vel
661 736 927 790 gymnasia),
954 743 1026 777 tua
1052 743 1198 778 statue
1220 737 1367 777 studia
1389 737 1432 777 in
1453 735 1707 778 civitatibus
1730 735 1794 776 tui

305 806 441 861 regni,
460 806 668 860 permitte
682 803 698 827 2
717 813 760 847 et
779 807 954 861 precipe
969 805 984 829 3
1001 806 1089 848 tuis
1106 806 1360 848 hominibus
1391 803 1395 861 Ι
1423 814 1471 848 ut
1488 820 1590 848 suos
1607 806 1795 847 doceant

306 875 416 917 filios
433 876 646 918 sciencias
664 876 903 927 literarum,
922 882 965 917 et
993 876 1155 918 faciant
1179 891 1254 924 eos
1277 877 1454 918 studere
1477 876 1520 917 in
1543 875 1796 918 liberalibus

1812 541 1833 575 5

1817 870 1908 916 {Ol

305 955 347 988 et
386 946 605 988 nobilibus
639 947 850 988 scienciis.
916 947 977 988 Et
1015 953 1091 988 tua
1129 947 1263 988 debet
1299 961 1393 988 esse
1427 946 1708 1002 providencia
1741 946 1796 987 de
1848 966 1858 974 ν

305 1018 558 1059 necessariis
591 1017 834 1058 subvenire.
900 1017 961 1059 Et
997 1017 1065 1058 fac
1098 1018 1292 1071 aliquam
1325 1017 1650 1072 prerogativam
1683 1014 1797 1058 bene

305 1087 586 1128 studentibus
607 1094 650 1128 et
667 1086 1015 1141 proficientibuS‚
1031 1094 1078 1129 ut
1102 1102 1179 1141 per
1202 1089 1285 1130 hoc
1308 1095 1478 1141 prestes
1500 1086 1596 1128 aliis
1618 1085 1794 1128 scolari-

305 1158 386 1199 bus
418 1157 677 1212 exemplum
711 1165 754 1199 et
785 1158 1015 1199 materiam
1048 1158 1272 1213 vigilandi.
1335 1158 1516 1200 Exaudi
1553 1156 1796 1211 peticiones

307 1242 471 1278 eorum,
505 1228 716 1282 epistolas
749 1228 894 1282 recipe
926 1236 970 1270 et
1003 1229 1197 1277 attende,
1231 1228 1435 1270 collauda
1471 1226 1718 1269 laudandos
1752 1231 1796 1267 et

307 1312 540 1340 remunera
566 1299 925 1340 remunerandos,
992 1299 1043 1339 In
1073 1299 1156 1341 hoc
1178 1299 1395 1340 excitabis
1421 1297 1619 1340 literatos
1640 1297 1697 1338 ad
1720 1302 1796 1337 tua

308 1369 514 1422 preconia
536 1368 809 1418 extollenda,
830 1376 874 1409 et
896 1376 1022 1424 gesta
1051 1375 1127 1410 tua
1150 1370 1193 1410 in
1216 1370 1443 1423 scripturis
1466 1366 1797 1423 perpetuanda;

309 1440 391 1481 iste
411 1439 570 1480 modus
589 1444 655 1480 est
673 1438 1042 1481 commendabilis
1061 1446 1104 1480 et
1128 1439 1211 1481 ista
1229 1439 1469 1493 prudencia
1485 1426 1795 1480 collaudanda.

311 1510 363 1550 In
384 1509 466 1550 hoc
490 1509 736 1551 honoratur
764 1510 1013 1563 imperium,
1042 1510 1274 1552 decoratur
1300 1517 1445 1551 totum
1474 1520 1673 1564 regnum,
1696 1505 1796 1547 illu-

310 1579 501 1620 minatur
536 1579 656 1620 curia
693 1579 985 1633 imperatoris,
1025 1580 1205 1622 annales
1242 1587 1286 1622 et
1329 1587 1454 1634 gesta
1496 1576 1661 1632 regalia
1703 1575 1796 1631 ejus

310 1649 522 1691 memorie
555 1649 712 1691 melius
744 1651 1126 1692 commendantur.
1193 1650 1305 1705 Quis
1333 1648 1587 1691 sublimavit
1614 1659 1796 1700 regnum

311 1718 586 1760 Grecorum?
620 1720 717 1773 quis
747 1733 900 1761 eorum
929 1728 1054 1775 gesta
1078 1735 1155 1774 per
1180 1727 1324 1762 totum
1349 1719 1563 1760 mundum
1591 1721 1796 1772 perpetu-

310 1789 437 1831 aliter
469 1788 743 1830 defamavit?
776 1789 859 1831 hoc
892 1796 1008 1831 certe
1042 1789 1154 1832 fecit'
1176 1789 1410 1845 diligencia
1441 1787 1721 1830 studencium
1752 1791 1797 1827 et

313 1859 509 1914 probitas
539 1860 790 1913 sapientum
821 1861 896 1914 qui
925 1875 1058 1916 supra
1093 1861 1273 1902 modum
1305 1859 1515 1902 sciencias
1540 1857 1797 1904 dilixerunt,

312 1936 356 1971 et
378 1936 561 1988 propter
583 1930 667 1972 hoc
690 1930 796 1971 talia
820 1939 1084 1972 meruerunt.
1128 1930 1244 1973 Sane
1261 1929 1409 1984 puella
1426 1930 1468 1970 in
1487 1929 1623 1970 domo
1640 1925 1795 1982 patris-

312 1999 501 2040 familias
525 2014 582 2041 ex
605 2001 743 2042 nimio
765 2001 914 2042 studio
937 2003 1103 2043 sciebat
1135 2015 1309 2042 cursum
1340 2000 1344 2053 l
1374 1999 1475 2041 anni
1498 2006 1542 2041 et
1568 2003 1799 2044 astrorum,

366 2148 376 2168 ¹
408 2148 449 2187 id
466 2156 536 2196 est,
552 2149 641 2199 loca
662 2147 731 2187 ubi
755 2149 854 2186 fiunt
876 2148 1104 2195 excercicia,
1128 2156 1166 2187 et
1186 2149 1252 2185 hic
1273 2146 1465 2197 accipitur
1485 2157 1557 2195 pro
1578 2141 1797 2183 excercieio

311 2203 566 2242 studencium
589 2211 627 2242 et
648 2204 726 2241 hoc
748 2204 879 2241 statim
902 2205 1076 2254 exponit.
1465 2221 1470 2226 ⁴

366 2261 378 2279 “·’
408 2259 480 2305 vel,
503 2259 702 2309 promitte.

366 2313 379 2333 ³
411 2314 518 2351 Nota
545 2314 610 2351 hic
633 2312 855 2352 mirabilem
881 2313 1123 2364 sapienciam
1152 2326 1272 2363 quam
1294 2324 1403 2363 reges
1430 2308 1583 2360 antiqui
1609 2307 1800 2358 adimple-

312 2375 453 2407 verunt
474 2367 567 2418 quia
588 2369 746 2406 fuerunt
767 2367 947 2407 instructi
969 2368 1008 2406 in
1030 2366 1294 2419 philosophia,
1318 2374 1376 2405 set
1403 2378 1510 2404 nunc
1531 2372 1574 2402 ut
1596 2363 1797 2402 Henricus

313 2423 415 2462 filius
443 2421 446 2475 l
474 2424 522 2459 W
526 2422 663 2462 illelmi
679 2422 780 2474 regis
797 2424 864 2473 qui
883 2422 1092 2462 dicebatur
1111 2422 1360 2461 ‘bastardus
1375 2420 1529 2460 solebat
1546 2418 1679 2458 dicere
1696 2416 1796 2467 patri

312 2487 349 2517 et
372 2477 601 2525 fratribusst
620 2479 707 2517 Rex
729 2477 933 2517 illiteratus
954 2486 1013 2518 est
1034 2477 1168 2516 asinus
1191 2477 1428 2516 coronatus)

358 2610 374 2638 7
401 2599 554 2639 Chapter
570 2599 687 2630 xxviii.
710 2597 746 2630 V.

356 2711 399 2740 26
423 2710 555 2749 Atsoot
570 2710 641 2750 off.
662 2721 704 2750 49
720 2711 741 2741 b
756 2712 762 2726 ³
778 2710 870 2750 quod
885 2709 996 2741 clerici
1011 2710 1211 2749 ignorantes
1225 2707 1470 2739 astronomiam
1489 2710 1569 2737 sunt
1582 2704 1797 2745 vituperandi

314 2762 379 2793 nisi
396 2762 578 2794 addiscant
594 2763 615 2794 '.

1816 1240 1859 1274 15

1817 1575 1885 1618 206
1906 1605 1908 1610 -

1819 1917 1874 1977 25⁴

1819 2321 1862 2354 30
