1908 3126
835 142 881 172 21

117 245 208 293 lina,
224 243 387 283 minoris
404 242 606 283 feminina.
649 244 772 283 Unde
789 245 867 291 Sol,
886 245 1005 292 Mars,
1022 253 1059 283 et
1077 244 1232 295 Jupiter
1250 253 1340 283 sunt
1359 246 1604 297 masculina3

120 312 243 357 Luna,
268 311 418 355 Venus,
441 310 632 348 Saturnus
659 308 838 348 feminini
861 312 921 349 vel
941 310 1127 358 seminem
1160 310 1383 350 Mercurius
1412 312 1450 350 in
1478 312 1604 351 omni-

118 376 193 415 bus
214 383 272 415 est
293 376 532 414 indifferens.
592 373 717 422 Aries,
755 374 820 424 qui
853 383 911 414 est
952 375 1123 426 primum
1160 376 1328 426 signum,
1364 385 1421 415 est
1453 389 1604 416 maseu-

117 440 246 490 linus3
292 442 449 480 Taurus
470 439 712 488 femininus3
751 440 912 479 Gemini
942 441 1211 490 masculinus3
1242 441 1420 481 similiter
1448 444 1604 482 Cancer

9 2223 12 2242 1
87 2190 105 2223 5
124 2174 351 2216 femininus.
410 2175 461 2213 Et
482 2181 574 2213 sunt
604 2187 672 2224 per
702 2172 883 2212 ordinem
923 2173 1125 2223 signorum
1158 2183 1314 2221 semper
1334 2182 1436 2208 unus
1460 2181 1611 2208 mascu-

9 2267 13 2303 {
124 2241 228 2281 linus
248 2250 287 2281 et
306 2241 405 2281 alius
425 2240 652 2280 femininus.

179 2360 244 2397 De
270 2363 377 2397 sexta
408 2358 634 2396 alleracl'one
662 2369 731 2405 qne
759 2355 816 2405 fit
836 2363 910 2406 per
939 2356 1122 2405 planetas
1160 2354 1363 2391 secundum
1393 2354 1496 2402 quod
1521 2355 1615 2389 smel

128 2425 168 2462 in
196 2425 358 2464 diversis
385 2424 557 2462 domibus
587 2428 748 2473 respectu
779 2429 886 2461 terre.

209 2501 317 2540 Liter
345 2509 556 2540 sumuntur
585 2501 730 2539 domus
765 2513 834 2550 per
864 2498 1103 2538 divisionem
1138 2495 1266 2535 tocius
1298 2494 1372 2533 celi
1406 2493 1446 2532 in
1481 2501 1612 2544 partes

0 2584 15 2611 re
72 2585 112 2609 10
240 2566 468 2614 duodecim,
492 2574 530 2605 et
545 2565 814 2617 distinguntur
831 2565 898 2604 sic.
959 2565 1064 2603 Nam
1085 2562 1137 2601 ab
1158 2568 1246 2601 ortu
1268 2561 1342 2600 sub
1364 2568 1465 2600 terra
1486 2572 1614 2609 usque

0 2623 1 2626 Ἴ
131 2633 183 2672 ad
201 2634 391 2683 angulum
412 2639 513 2671 terre
533 2639 625 2670 sunt
646 2639 723 2670 tres
745 2632 901 2678 domus,
926 2628 1087 2676 seilicet,
1106 2627 1244 2678 prima,
1268 2627 1456 2673 secunda,
1480 2624 1611 2664 tercia.

67 2744 78 2754 ·
130 2695 311 2750 Angulus
331 2706 465 2740 autem
485 2705 586 2737 terre
602 2705 661 2737 est
682 2705 853 2748 punctus
875 2697 915 2734 in
932 2697 1018 2734 celo
1036 2695 1110 2733 sub
1124 2702 1225 2732 terra
1241 2691 1448 2743 oppositus
1462 2698 1614 2742 puncto

129 2762 169 2802 in
191 2764 326 2803 medio
346 2763 419 2803 celi
441 2777 558 2815 super
578 2772 732 2803 terram.
795 2764 845 2801 Et
866 2762 968 2801 inter
980 2762 1171 2811 angulum
1188 2766 1227 2799 et
1247 2765 1377 2798 ortum
1395 2766 1452 2796 est
1475 2764 1614 2807 quarta
