1908 3126
207 947 246 977 32
266 950 300 972 a.

1039 66 1095 108 34

314 180 354 210 et
376 171 487 222 quod
508 183 590 209 non
611 168 812 208 invenitur
839 167 1044 219 proprium
1073 167 1113 206 in
1138 168 1274 219 aliquo
1302 167 1465 207 animali
1485 168 1698 219 vegetabili
1726 169 1808 208 sive

315 225 506 277 originali,
531 224 628 276 quin
649 224 748 263 illud
769 222 973 274 proprium
995 223 1220 262 inveniatur
1240 223 1279 261 in
1301 222 1479 263 homine.
1560 271 1562 273 v
1629 222 1673 275 <p
1715 223 1808 276 141)

369 280 602 332 Capitulum
624 294 701 327 1,4.
732 280 784 318 de
804 279 1058 318 confidencia
1087 279 1127 316 in
1155 278 1320 318 homine
1349 292 1430 317 non
1451 278 1641 317 habenda
1662 278 1737 318 nisi
1757 280 1806 318 sit

315 345 381 375 tue
408 335 505 387 legis
536 344 573 374 et
600 335 869 386 professionis,
902 333 1063 380 scilicet,
1099 334 1210 384 quod
1242 347 1323 372 non
1355 340 1415 372 est
1445 334 1735 373 confidendum
1766 334 1806 372 in

315 390 479 430 homine
504 390 664 429 alterius
695 388 804 440 legis,
827 389 939 440 quod
968 389 1180 427 confirmat
1207 401 1277 440 per
1299 389 1527 441 exemplum
1549 389 1600 428 de
1622 379 1746 439 Mago
1767 396 1806 428 et
1827 400 1844 432 5

314 447 460 497 Judeo-
1628 442 1684 495 <p
1713 443 1806 496 144>

370 500 602 551 Capitulum
625 511 699 550 ..15
732 500 784 538 de
811 497 1016 538 eleccione
1045 497 1259 537 hominum
1290 499 1532 549 prudentum
1560 505 1599 538 et
1626 498 1805 538 fidelium

315 558 367 594 ad
397 555 610 595 scribenda
638 562 749 606 gesta
776 560 815 594 et
842 554 883 593 di
873 561 951 592 ¹cta
971 553 1084 605 regis,
1107 553 1189 592 sive
1210 554 1262 593 de
1282 551 1541 604 scriptoribus
1562 562 1805 593 secretorum

315 609 508 661 eligendis
529 617 568 649 et
589 623 729 649 eorum
749 608 1080 648 remuneracione
1100 622 1192 647 cum
1214 622 1345 647 causa.
1632 607 1687 669 (p.
1715 609 1808 662 146)

370 665 604 728 Capitulum
627 667 704 705 ..16
747 665 798 704 de
836 663 1041 703 eleccione
1081 663 1320 703 nunciorum
1360 664 1585 714 dignorum,
1626 677 1708 703 s1ve
1755 665 1806 703 de
1828 681 1867 704 10

315 720 471 759 nunciis
493 728 532 760 et
553 719 772 759 secretariis
793 718 999 770 eligendis.
1631 718 1686 771 (p.
1713 718 1806 771 147)

370 776 603 826 Capitulum
625 787 702 824 .17.
744 775 796 814 de
827 773 1020 824 regimine
1057 774 1287 813 debitorum
1326 773 1592 822 subditorum,
1633 774 1716 813 sive
1754 775 1805 814 de

315 829 485 870 subditis
517 829 701 882 regendis
729 837 769 869 et
800 829 1067 869 defendendis
1098 836 1137 868 et
1169 828 1383 880 propositis
1414 842 1533 880 super
1561 842 1631 869 eos
1661 829 1806 869 consti-

314 885 516 925 tuendis.l
513 910 516 935 ,
1631 883 1686 937 (p.
1714 883 1807 937 148)

370 940 604 991 Capitulum
626 941 702 979 ..18
733 941 784 979 de
804 938 1037 990 proceribus
1058 945 1097 977 et
1117 917 1258 978 ordine
1278 952 1417 978 eorum
1439 939 1479 977 in
1499 938 1618 988 bello,
1641 940 1806 992 scilicet,
1829 953 1867 984 15

316 996 367 1035 de
397 994 657 1035 ordinacione
687 993 906 1035 excercitus
937 994 1161 1033 secundum
1184 1007 1405 1033 numerum
1435 993 1511 1034 sub
1532 1007 1712 1056 numero,
1735 1008 1804 1034 seu

316 1051 367 1090 de
405 1049 677 1111 disposicione
710 1057 750 1089 et
780 1062 950 1088 nurnero
987 1062 1198 1100 procerum
1233 1062 1302 1088 seu
1335 1048 1507 1088 militum
1538 1048 1580 1088 in
1613 1049 1806 1101 regimine

315 1104 425 1166 regni
459 1119 500 1144 1n
532 1113 714 1156 tempore
745 1104 849 1152 belli,
884 1103 1046 1151 scilicet,
1083 1105 1134 1143 de
1166 1103 1438 1165 disposicione
1471 1104 1649 1144 ductoris
1680 1113 1719 1144 et
1754 1106 1804 1144 de

314 1159 481 1199 accione
511 1160 748 1199 bellatorum
779 1160 955 1209 ipsorum
985 1135 1216 1198 inf'eriorum
1237 1167 1275 1198 et
1296 1160 1348 1199 de
1374 1158 1640 1199 instrumento
1659 1160 1806 1199 bellico

316 1213 559 1254 excercitum
580 1215 848 1261 coadunante‚
872 1221 912 1253 et
932 1215 1061 1253 forma
1082 1215 1276 1264 ejusdem.
1629 1214 1682 1267 (p.
1713 1214 1805 1267 149)
1827 1225 1866 1248 20

372 1271 604 1320 Capitulum
626 1283 702 1320 .19.
736 1270 787 1308 de
816 1282 906 1329 rege
936 1268 978 1307 in
1007 1268 1115 1308 bello
1145 1277 1183 1308 et
1204 1269 1289 1307 aliis
1317 1282 1395 1320 que
1416 1269 1567 1309 debent
1588 1270 1742 1310 attendi
1764 1270 1804 1308 in

317 1325 423 1363 bello
443 1332 482 1363 et
503 1326 554 1363 de
575 1324 873 1375 providenciis
865 1338 905 1362 m
921 1323 1130 1372 excercitu,
1147 1325 1307 1370 scilicet,
1324 1325 1376 1363 de
1395 1324 1586 1375 regimine
1606 1326 1803 1364 bellorum

317 1388 355 1418 et
376 1378 648 1429 disposicione
668 1380 907 1418 bellatorum
930 1386 968 1418 et
988 1380 1039 1418 de
1060 1356 1159 1418 forin
1164 1393 1186 1417 a
1203 1380 1458 1430 aggrediendi
1477 1379 1558 1418 sive
1577 1381 1805 1431 aggredien-

317 1434 424 1473 cium
446 1434 597 1474 bellum
619 1442 658 1473 et
679 1433 1040 1485 provocacionibus
1062 1435 1298 1473 eorundem.
1628 1435 1685 1487 <p.
1712 1434 1805 1487 152)

372 1489 604 1540 Capitulum
628 1504 703 1528 .20.
734 1491 785 1528 de
805 1488 1008 1528 eleccione
1030 1489 1220 1540 temporis
1240 1503 1311 1539 pro
1334 1489 1447 1528 bellis
1467 1490 1744 1541 aggrediendis
1766 1498 1804 1530 et
1825 1496 1878 1529 25

318 1545 369 1583 de
390 1544 650 1584 ordinacione
671 1546 932 1595 planetarum.
1626 1544 1683 1597 (p.
1712 1544 1806 1598 155)

373 1599 606 1650 Capitulum
637 1614 714 1638 .21.
755 1601 806 1638 de
848 1599 1136 1638 conveniencia
1177 1598 1503 1649 supricelestium
1543 1613 1636 1638 cum
1676 1600 1804 1640 inferi—

318 1654 466 1702 oribus,
506 1654 666 1702 scilicet,
708 1654 877 1705 qualiter
923 1656 1126 1704 superiora
1164 1653 1423 1693 dominantur
1461 1654 1713 1694 inferioribus
1750 1657 1803 1694 ad

318 1710 603 1748 fortunandum
639 1723 772 1757 regem
808 1717 846 1748 et
881 1709 1174 1759 pacificandum
1211 1709 1392 1759 regiones
1427 1718 1469 1748 ut
1504 1709 1579 1748 sibi
1611 1710 1804 1750 obediant

317 1763 436 1814 gratis
466 1763 551 1803 sine
573 1764 801 1812 coaccione,
824 1772 862 1804 et
889 1773 948 1803 est
970 1763 1187 1815 capitulum
1217 1763 1505 1802 incantacionis
1527 1764 1804 1816 philosophice
1824 1777 1864 1809 30

318 1818 357 1857 in
378 1818 562 1869 generali.
1630 1819 1686 1871 (p.
1714 1820 1807 1872 157)

374 1873 605 1924 Capitulum
630 1888 705 1912 .22.
738 1875 789 1914 de
809 1873 1129 1925 apprehensione
1151 1873 1388 1913 intellectus.
1630 1875 1684 1926 (p.
1712 1875 1806 1927 158)

374 1929 605 1979 Capitulum
629 1943 705 1980 ·23·
738 1931 789 1968 de
810 1928 1118 1968 incantamentis
1140 1928 1343 1968 faciendis.
1628 1929 1682 1981 (p.
1712 1930 1805 1982 162)

374 1982 603 2034 Explieiunt
624 1983 797 2036 capitula
817 1984 937 2034 partis
958 1983 1091 2023 tercie.

403 2089 597 2139 ch'pt'zcnt
614 2091 786 2140 capitula
798 2091 932 2140 partis
951 2077 1098 2139 quarte.
1467 2106 1475 2115 ·
1822 2103 1840 2135 3
1846 2104 1860 2135 5

409 2144 640 2194 Capitulum
664 2144 835 2195 primum
857 2152 917 2183 est
938 2146 988 2184 de
1010 2143 1265 2194 phisonomia
1284 2143 1323 2182 in
1347 2144 1570 2184 universali.
1629 2144 1682 2196 (p.
1711 2144 1804 2197 164)

372 2197 605 2249 Capitulum
627 2213 674 2237 .2.
708 2200 759 2238 de
789 2198 1045 2249 phisonomia
1073 2198 1113 2237 in
1144 2198 1381 2249 particulari,
1406 2207 1444 2239 et
1472 2201 1601 2250 primo
1628 2201 1680 2239 de
1707 2207 1802 2240 tem-

318 2260 454 2302 perata
474 2260 624 2291 natura.
1625 2254 1680 2307 (p.
1709 2253 1802 2306 166)

374 2306 604 2358 Capitulum
626 2321 675 2358 .3.
708 2309 759 2347 de
781 2307 944 2359 capillis.
1626 2310 1681 2360 (p.
1709 2309 1802 2361 167>

373 2361 606 2413 Capitulum
630 2376 677 2409 ,4.
709 2364 759 2401 (15
781 2362 918 2401 oculis.
1625 2363 1680 2414 (p.
1711 2364 1804 2416 168)
1820 2379 1861 2411 40

374 2415 606 2467 Capitulum
628 2428 677 2467 ,5.
709 2418 760 2456 (15
780 2417 1011 2468 superciliis.
1596 2439 1604 2443 -
1625 2418 1679 2470 (p.
1709 2417 1803 2471 168>

373 2470 606 2522 Capitulum
627 2474 676 2511 .6.
706 2473 758 2511 de
778 2485 888 2511 naso.
1628 2473 1682 2525 (p.
1710 2473 1804 2526 168)

373 2524 606 2577 Capitulum
628 2538 678 2576 .7.
708 2527 760 2566 de
779 2526 890 2567 facie.
1628 2528 1682 2580 (p.
1711 2527 1804 2581 169)

375 2580 606 2630 Capitulum
629 2583 677 2620 .8.
709 2582 760 2620 de
780 2594 859 2628 ore,
882 2581 993 2629 facie,
1017 2589 1054 2621 et
1072 2582 1320 2633 timporibus,
1628 2583 1681 2634 (p.
1710 2581 1803 2636 169)

375 2633 607 2685 Capitulum
629 2650 680 2686 .9.
710 2637 762 2675 de
780 2636 955 2675 auribus.
1627 2637 1682 2690 (p.
1710 2640 1784 2689 169
1819 2647 1859 2682 45

377 2688 608 2739 Capitulum
630 2704 707 2729 .10.
739 2691 791 2730 de
812 2704 910 2730 voce
932 2699 970 2730 et
991 2692 1115 2730 modo
1137 2691 1342 2742 loquendi.
1626 2692 1680 2742 (p.
1710 2637 1803 2745 1693
1870 2691 1878 2706 ·’
