1908 3126
842 122 890 164 I9

170 269 235 307 De
264 269 374 308 tercio
401 268 509 307 modo
532 268 776 306 alteraciom's
800 269 940 306 mundi
951 275 1028 319 per
1046 268 1455 320 appropinquact'onem
1467 269 1603 318 plane-

118 339 248 375 tarum
270 335 326 373 ad
341 340 486 373 terram
504 339 541 372 et
557 335 760 372 eorundem
779 335 1054 384 elongact'onem
1073 349 1098 374 a
1121 341 1238 374 terra.

187 419 290 457 Tem
321 418 483 456 virtutes
513 429 651 456 eorum
683 424 866 467 respectu
897 417 1038 456 mundi
1070 417 1263 457 inferioris
1284 415 1544 456 debilitantur
1565 423 1604 454 et

187 486 448 526 fortificantur
486 496 556 534 per
593 482 1033 533 appropinquacionem
1081 485 1134 523 ad
1176 492 1319 522 terram
1359 490 1398 522 et
1447 483 1604 532 elonga-

78 552 286 601 scionem,
322 549 415 600 quia
454 548 673 599 aliquando
707 549 960 588 descendunt
1007 562 1142 589 versus
1181 556 1336 596 terram,
1386 548 1604 598 aliquando

115 618 338 660 ascendunt
358 628 492 655 versus
513 615 657 653 celum.

172 744 238 783 De
256 747 400 792 quarta
422 740 649 779 alleracione
667 740 858 778 virtutmn
870 741 1138 790 planetarum.

122 878 125 879 ⁷
197 827 496 876 Ugmentantur
525 824 587 862 vel
617 823 872 861 remittuntur
899 823 961 861 vel
992 829 1263 873 temperantur
1290 823 1452 861 virtutes
1473 822 1606 872 plane-

225 899 354 931 tarum
375 889 500 928 tribus
517 888 602 927 aliis
619 889 762 936 modis,
773 889 997 927 secundum
1014 889 1125 938 quod
1141 895 1234 927 sunt
1247 887 1287 926 in
1305 887 1426 938 signis
1440 886 1606 927 diversis

59 973 101 1012 ἕο
117 958 180 998 vel
194 956 401 1004 domibus,
424 968 502 1005 que
519 962 610 993 sunt
631 961 762 1005 partes
778 953 1017 1004 principales
1034 954 1108 993 celi
1125 955 1187 992 vel
1209 952 1361 999 mundi,
1381 953 1605 992 secundum

119 1024 230 1075 quod
259 1028 422 1061 currunt
449 1020 524 1060 sub
552 1019 673 1071 signis
703 1027 741 1059 et
766 1019 944 1070 partibus
975 1019 1093 1068 orbis,
1117 1019 1211 1069 quia
1240 1019 1404 1069 quando
1434 1017 1606 1058 dicimus

116 1090 318 1142 planetam
339 1100 426 1126 esse
446 1086 487 1125 in
508 1087 623 1137 signo
643 1086 704 1124 vel
731 1086 870 1133 domo,
890 1085 965 1124 sub
986 1085 1100 1136 signo
1120 1085 1378 1135 intelligimus
1398 1085 1460 1124 vel
1481 1085 1606 1124 domo

117 1154 212 1207 quia
230 1167 301 1206 per
320 1152 520 1192 infinitum
542 1152 722 1202 spacium
743 1158 926 1202 respectu
955 1152 1079 1190 nostri
1106 1152 1257 1190 distant
1275 1163 1417 1190 omnes
1447 1151 1608 1201 planete

117 1233 142 1261 a
169 1221 290 1271 signis
320 1220 361 1257 in
391 1219 478 1257 celo
509 1219 666 1257 stellato
691 1224 822 1267 preter
851 1218 1079 1256 Saturnum.
1139 1219 1191 1256 Et
1220 1216 1286 1256 ille
1316 1230 1385 1267 per
1414 1229 1607 1267 magnum

59 1300 99 1339 ,15
119 1287 298 1339 spacium
316 1285 436 1325 distat
457 1284 622 1334 quando
643 1290 703 1322 est
723 1282 763 1321 in
785 1283 1084 1334 propinquitate
1105 1296 1175 1322 sua
1196 1283 1248 1322 ad
1268 1291 1424 1321 terram.

118 1450 122 1455 .
169 1417 235 1455 De
253 1415 385 1465 segnis.

119 1517 121 1519 ·
198 1499 236 1537 D
271 1498 415 1537 horum
451 1495 641 1535 noticiam
676 1503 834 1546 oportet
869 1494 968 1534 scire
1003 1494 1214 1545 qualitates
1253 1496 1466 1546 signorum.
1530 1495 1611 1534 Sci—

254 1563 405 1603 endum
443 1561 561 1613 igitur
599 1562 710 1612 quod
749 1560 876 1608 Aries,
923 1562 1019 1609 Leo,
1060 1559 1292 1611 Sagittarius
1340 1568 1434 1600 sunt
1481 1562 1608 1611 ignea,

58 1668 67 1673 ,
116 1629 281 1678 scilicet,
299 1628 429 1669 calida
448 1635 488 1667 et
508 1629 614 1667 sicca
633 1642 640 1666 :
670 1629 837 1675 Taurus,
853 1626 988 1678 Virgo,
1012 1634 1051 1666 et
1072 1626 1342 1678 Capricornus
1359 1634 1450 1666 sunt
1472 1635 1608 1675 terrea,

60 1711 101 1735 πο
118 1695 280 1743 scilicet,
312 1694 453 1746 frigida
483 1701 521 1733 et
551 1693 682 1732 sicca:
714 1692 888 1741 Gemini,
913 1693 1045 1740 Libra,
1078 1700 1117 1732 et
1141 1694 1342 1743 Aquarius
1363 1701 1456 1732 sunt
1482 1706 1610 1741 aerea,

119 1761 283 1810 scilicet,
304 1760 434 1800 calida
455 1767 494 1799 et
514 1758 682 1812 humida
701 1774 708 1797 ε
740 1759 907 1806 Cancer,
940 1758 1138 1809 Scorpius,
1162 1765 1202 1798 et
1223 1758 1359 1798 Pisces
1381 1766 1472 1798 sunt
1493 1773 1613 1810 aqua—

119 1829 208 1875 tica,
240 1826 402 1875 scilicet,
424 1826 565 1876 frigida
595 1833 634 1864 et
663 1824 840 1864 humida.
902 1826 955 1863 Et
989 1826 1065 1864 hec
1104 1824 1310 1864 diversitas
1342 1826 1462 1864 currit
1495 1838 1614 1875 super

75 1883 79 1886 ’
120 1894 225 1933 hanc
262 1894 468 1944 regulam;
516 1892 628 1942 quod
666 1890 698 1930 si
737 1892 1013 1942 quodcunque
1061 1890 1219 1941 signum
1258 1890 1388 1941 primo
1422 1899 1612 1938 sumatur,

119 1959 305 2011 quintum
325 1958 377 1998 ab
398 1972 448 1998 eo
468 1965 507 1997 et
527 1971 682 1996 nonum
703 1965 817 1996 erunt
839 1958 1022 2008 ejusdem
1039 1956 1341 2007 complexionis,
1364 1964 1407 1996 ut
1427 1957 1615 2008 exempli-

61 2038 101 2073 ²5
119 2026 281 2066 ficatum
308 2033 378 2064 est.
439 2024 618 2074 Quando
649 2022 767 2073 igitur
793 2024 954 2073 planeta
974 2022 1127 2062 calidus
1148 2030 1207 2061 est
1234 2021 1310 2060 sub
1330 2022 1446 2072 signo
1466 2021 1608 2070 calido,

120 2098 400 2143 augmentatur
430 2091 516 2141 ejus
550 2090 669 2137 calor,
702 2097 741 2128 et
780 2089 945 2139 quando
977 2088 1052 2129 sub
1084 2087 1226 2139 frigido
1257 2087 1488 2127 debilitatur
1527 2089 1613 2138 ejus

119 2159 241 2207 calor,
269 2165 308 2197 et
338 2156 394 2196 sic
426 2157 478 2196 de
515 2155 614 2195 aliis.
673 2154 892 2194 Sciendum
931 2154 1049 2206 igitur
1087 2161 1169 2192 tam
1208 2166 1280 2204 pro
1305 2151 1311 2205 1
1338 2152 1460 2203 signis
1490 2166 1612 2204 quam

121 2223 303 2276 planetis,
325 2224 437 2274 quod
460 2224 612 2261 nullam
639 2220 884 2261 caliditatem
910 2234 985 2260 nec
1012 2219 1269 2271 frigiditatem
1296 2232 1372 2258 nec
1392 2218 1612 2259 siccitatem

121 2303 198 2332 nec
216 2289 498 2330 humiditatem
520 2290 560 2327 in
591 2302 662 2328 sua
692 2286 922 2327 substancia
948 2287 1101 2326 habent
1131 2293 1170 2325 et
1200 2294 1351 2334 natura,
1375 2293 1434 2325 set
1463 2285 1614 2325 habent

62 2370 105 2406 30
120 2355 308 2398 virtutem
341 2354 603 2396 calefaciendi
634 2355 835 2394 elementa
873 2362 912 2393 et
944 2367 992 2393 ea
1022 2365 1102 2404 que
1132 2352 1174 2391 in
1205 2351 1264 2391 ‘eis
1299 2359 1403 2400 sunt,
1435 2359 1474 2392 et
1503 2353 1614 2403 frige-

125 2422 297 2463 faciendi
331 2430 370 2462 et
404 2420 631 2461 exsiccandi
663 2429 702 2460 et
736 2419 999 2460 humectandi
1037 2420 1099 2459 vel
1131 2417 1428 2458 humefaciendi
1463 2431 1510 2457 ex
1542 2431 1613 2457 sua

170 2548 185 2570 1
209 2537 252 2570 In
269 2548 378 2580 marg.
407 2541 414 2555 ⁴
431 2537 484 2568 De
512 2536 620 2568 tercio
648 2536 751 2567 modo
775 2535 998 2567 alteracionis
1022 2545 1086 2576 per
1102 2533 1330 2566 existenciam
1347 2543 1466 2565 eorum
1491 2534 1526 2564 in
1542 2533 1614 2564 suis

126 2590 222 2632 locis,
240 2590 382 2631 scilicet,
401 2599 539 2621 suorum
558 2588 779 2629 epiciclorum
803 2589 878 2619 sive
900 2587 1134 2620 deferencium
1151 2586 1340 2619 secundum
1362 2587 1454 2627 quod
1478 2591 1559 2617 sunt
1581 2586 1614 2616 in

59 2647 68 2666 <
126 2648 224 2688 parte
238 2642 409 2685 superiori
426 2641 480 2673 vel
495 2640 650 2673 inferiori
666 2641 722 2672 vel
739 2641 774 2672 in
792 2641 936 2673 mediis!

35 2683 38 2695 ⁸
95 2736 107 2745 ·
171 2706 189 2737 7
211 2695 255 2728 In
278 2705 387 2737 ωας.
422 2695 431 2713 ⁴
447 2694 500 2726 De
523 2699 646 2735 quarta
668 2694 879 2726 alteracione
895 2694 1057 2725 virtutum
1073 2692 1290 2734 planetarum
1314 2692 1504 2725 secundum
1522 2692 1615 2732 quod

70 2761 75 2765 ·
89 2779 92 2782 Α
124 2753 206 2791 sunt
221 2749 256 2781 in
272 2748 418 2781 diveisis
434 2747 543 2788 signis
557 2746 614 2778 vel
630 2747 788 2779 domibus
804 2752 966 2790 respectu
983 2745 1073 2779 celi!

832 2825 901 2856 C2

1638 2174 1677 2197 10
