1908 3126
42 1193 104 1220 The
118 1193 222 1220 second

41 1226 182 1254 medicine

40 1262 224 1294 strengthens
238 1261 285 1287 the

41 1296 168 1323 stomach
183 1295 240 1322 and

42 1339 146 1364 purges
162 1330 271 1364 gently.

230 2113 269 2147 79
287 2116 317 2137 a.

1034 33 1115 62 100

330 137 454 178 bovis
485 137 525 180 .i.
556 135 714 178 rotula.
780 134 1061 190 Colligantur
1091 135 1153 177 ita
1178 135 1325 176 onmia
1353 135 1436 176 ista
1466 140 1510 176 et
1541 135 1816 189 decoquatur

328 221 428 248 cum
461 207 499 247 .i.
524 207 651 248 uncia
685 207 741 248 de
776 205 1039 259 elegaman¹
1072 212 1116 247 et
1148 204 1410 260 gariophilo.
1473 204 1534 245 Et
1562 203 1643 247 hec
1668 204 1816 247 omnia

329 277 493 319 debent
524 284 641 319 stare
673 289 804 330 super
834 275 982 330 ignem
1005 290 1084 331 per
1106 289 1238 317 unam
1264 275 1381 317 diem
1405 281 1449 316 et
1475 280 1652 316 noctem
1675 275 1818 318 donec

329 348 582 402 egrediatur
614 354 710 389 tota
744 347 806 387 vis
841 360 1007 388 eorum.
1072 346 1249 387 Deinde
1281 352 1473 400 ponatur
1504 352 1648 400 supra·
1670 346 1815 400 ignem

303 432 509 460 ‚suavem
547 418 689 460 donec
729 416 1006 458 diminuatur
1043 416 1178 457 tercia
1215 429 1316 469 pars
1352 418 1477 469 aque,
1510 412 1704 470 {deinde
1741 415 1818 457 de·
1841 431 1885 466 5,

329 496 521 542 ponatur
552 494 596 529 et
629 487 914 541 permittatur
941 486 1188 529 clarescere.
1253 486 1314 527 Et
1344 493 1501 540 postea
1531 491 1749 540 ponantur
1775 485 1819 527 in

328 572 380 600 eo
415 559 470 599 de
509 565 748 612 preparato
786 564 830 599 et
869 557 1068 612 predicto
1106 556 1234 614 melle
1267 556 1525 611 .iij„r0tule‚
1562 564 1606 598 et
1639 562 1815 598 tantum

327 630 601 683 decoquatur
633 642 865 684 quousque
897 628 1089 683 spissum
1120 626 1210 669 fiat.
1276 627 1450 668 Deinde
1479 618 1669 681 ponatur
1695 627 1738 668 in
1765 641 1820 669 eo

329 712 417 740 una
444 694 636 753 ⁸dragma
659 706 703 740 et
735 698 922 741 dimidia
952 698 1008 739 de
1038 697 1205 748 ambra,
1229 704 1272 739 et
1301 697 1371 752 .iij.
1396 698 1580 751 dragme
1613 698 1668 740 de
1700 697 1820 753 ligno

331 768 451 811 aloes
469 770 574 811 trito
590 775 634 810 et
652 768 849 811 humido,
897 769 958 810 Et
976 769 1056 810 hec
1073 774 1138 809 est
1156 768 1298 822 prima
1315 767 1531 809 medicina
1552 768 1658 821 (sive
1675 768 1820 823 pocio)
1843 786 1884 812 ιο

331 839 457 893 cujus
481 839 663 883 effectus
686 846 752 881 est
775 840 1029 882 confortare
1055 838 1297 887 cerebrum,
1321 852 1408 887 cor,
1428 845 1472 879 et
1493 839 1787 881 stomachum.

395 957 613 1014 Confeccz‘o
643 958 856 1000 medicine
879 970 931 1000 .2.
954 958 1077 1014 cnjus
1101 966 1168 1000 est
1191 957 1469 1000 corroborare
1495 958 1764 1001 stomachum
1784 967 1826 1002 et

330 1031 623 1084 constringere
664 1037 704 1071 et
736 1036 938 1083 purgare
969 1028 1176 1083 puta-idos
1224 1028 1426 1071 humores
1472 1029 1687 1072 stomachi
1730 1030 1826 1089 sine

332 1100 546 1144 violencia
568 1107 609 1141 et
634 1099 1000 1141 abhomz'nacione.

339 1183 600 1290 Sumatur
618 1194 718 1223 cum
740 1180 825 1222 Dei
844 1180 1156 1222 benediccione
1178 1180 1234 1221 de
1258 1179 1542 1221 mirabolanis
1564 1187 1609 1222 et
1630 1181 1821 1236 galanga
1845 1203 1884 1238 15

422 1252 604 1294 cubebis
623 1250 782 1301 rotula,
801 1250 944 1304 ejecto
962 1250 1125 1292 cortice
1138 1249 1154 1273 2
1176 1250 1334 1300 citrini,
1352 1252 1407 1292 de
1431 1251 1621 1294 medulla
1643 1252 1819 1295 caroble

334 1323 390 1364 de
414 1322 646 1364 Babilonia
678 1328 835 1376 quarta
868 1335 968 1375 pars
996 1321 1126 1362 unius
1148 1321 1302 1374 rotule,
1327 1328 1370 1364 et
1403 1323 1459 1365 de
1488 1323 1701 1377 liquiricia
1729 1325 1824 1368 sine

334 1393 510 1442 cortice,
527 1406 612 1447 que
630 1399 696 1435 est
720 1392 864 1434 citrini
886 1391 1054 1441 coloris,
1072 1392 1158 1433 due
1182 1393 1322 1443 uncie,
1340 1399 1383 1434 et
1401 1393 1455 1434 de
1472 1395 1619 1448 granis
1641 1395 1824 1437 maturis

335 1463 391 1505 de
420 1463 573 1505 virotis
607 1463 651 1504 in
685 1476 766 1504 suo
797 1469 1000 1516 tempore
1039 1463 1125 1503 due
1161 1464 1301 1504 uncie.
1379 1463 1676 1506 Conterantur
1710 1466 1823 1507 bene

334 1532 416 1575 hec
439 1533 586 1574 omnia
610 1539 652 1574 et
686 1539 910 1587 ponantur
934 1533 976 1574 in
999 1546 1081 1573 ‚10.
1107 1533 1260 1574 rotulis
1287 1547 1403 1587 aque
1425 1533 1565 1575 dulcis
1588 1549 1666 1590 per
1692 1549 1822 1578 unam
1846 1559 1886 1584 20

334 1603 453 1645 diem
477 1609 520 1645 et
549 1616 683 1645 unam
707 1609 896 1645 noctem.
963 1603 1138 1644 Deinde
1160 1604 1436 1658 decoquatur
1461 1606 1654 1647 suaviter
1682 1606 1826 1648 donec

334 1673 514 1716 deficiat
548 1673 763 1715 medietas
798 1687 927 1727 aque,
951 1673 1113 1714 deinde
1143 1673 1378 1716 misceatur
1410 1681 1454 1715 et
1486 1675 1654 1717 coletur
1684 1676 1825 1718 donec

335 1743 413 1787 fiat
445 1744 625 1787 clarum.
691 1744 750 1786 Et
781 1750 886 1785 tunc
918 1751 1141 1799 ponantur
1167 1745 1210 1785 in
1240 1759 1292 1786 co
1322 1746 1376 1786 de
1407 1745 1536 1786 melle
1559 1746 1826 1802 preparato3

336 1817 422 1857 due
466 1814 606 1857 rotule
650 1821 693 1856 et
731 1821 908 1857 tantum
948 1814 1223 1868 decoquatur
1261 1815 1419 1858 iterum
1457 1816 1633 1872 done<c>
1668 1818 1826 1873 inspis-

338 1891 468 1927 setur.
536 1885 714 1927 Deinde
747 1890 1003 1938 apponatur
1036 1886 1092 1926 de
1123 1884 1302 1938 pulvere
1335 1886 1531 1928 masticis
1565 1888 1694 1930 uncia
1725 1901 1826 1940 una,
1847 1907 1886 1942 25

339 1962 382 1997 et
425 1956 482 1997 de
520 1954 717 1998 rabarir⁴=
752 1962 911 2009 quarta
954 1968 1055 2009 pars
1094 1956 1229 1997 uncie.
1307 1956 1367 1997 Et
1404 1955 1484 1998 hec
1521 1964 1589 1999 est
1629 1959 1826 2000 secunda

341 2026 562 2068 medicina
600 2025 722 2080 cujus
757 2025 1104 2080 proprietasest
1142 2027 1429 2068 corroborare
1465 2028 1745 2070 stomachum
1782 2035 1828 2070 et

339 2095 597 2152 conlfortare
635 2102 678 2138 et
716 2095 1024 2150 constringere
1060 2103 1103 2136 et
1141 2110 1329 2156 purgare
1367 2084 1507 2139 malos
1546 2103 1589 2138 et
1627 2098 1828 2152 putridos

336 2166 543 2209 humores
564 2166 639 2221 qui
662 2172 992 2220 congregantur
1014 2166 1056 2206 in
1079 2167 1311 2209 stomacho
1332 2167 1427 2208 sine
1457 2167 1826 2210 abhominacione

337 2243 379 2277 et
426 2236 640 2278 violencia
683 2243 725 2276 et
773 2236 864 2277 sine
915 2235 1063 2289 aliqua
1108 2235 1283 2278 lesione.
1373 2236 1559 2291 Insuper
1608 2238 1828 2280 confortat
1847 2255 1888 2288 30

337 2306 570 2348 cathenam
596 2306 793 2358 corporis
809 2304 824 2329 ⁵
847 2313 891 2347 et
917 2312 1073 2360 pectus
1095 2313 1137 2347 et
1164 2306 1404 2350 cerebrum.

392 2406 403 2427 1

393 2461 405 2482 Ξ

433 2420 584 2447 nornen
604 2407 822 2447 arabicum.

435 2463 507 2510 vel,
532 2462 675 2514 stipite.
869 2462 882 2482 ³
909 2463 959 2502 de
981 2476 1062 2514 quo
1084 2463 1222 2502 docuit
1242 2463 1282 2502 in
1305 2464 1500 2516 principio
1521 2466 1695 2517 capituli.

392 2519 405 2539 ⁴
436 2516 476 2557 id
498 2524 568 2564 est,
591 2517 842 2556 reubarbare.

393 2572 406 2593 ⁶
435 2571 597 2617 scilicet,
621 2585 836 2623 compages
859 2581 898 2612 et
917 2573 1134 2622 juncturas.
1848 2601 1888 2635 35

388 2679 424 2709 15
453 2670 607 2710 Chapter
626 2671 730 2701 lxviii.
754 2670 791 2702 V.

1906 501 1908 518 l
