1908 3126
800 53 879 132 113

131 193 236 233 Cum
266 190 382 230 fuerit
413 192 527 229 Luna
561 190 601 228 in
633 190 763 240 capite
793 191 853 228 vel
885 191 1013 229 cauda
1043 190 1083 229 in
1114 204 1196 231 uno
1224 191 1349 242 signo,
1381 199 1440 231 est
1470 192 1556 231 dies
1575 197 1616 229 86
1633 208 1663 230 a.

75 247 254 286 cavenda
267 245 307 284 in
320 245 509 284 omnibus
530 244 729 295 operibus,
744 252 782 283 et
803 257 886 283 non
902 252 960 283 est
974 244 1094 296 capiti
1109 247 1171 284 vel
1191 247 1320 285 caude
1335 246 1554 297 opposicio,
1575 258 1696 291 Aspects
1709 259 1738 285 οἱ
1750 258 1798 285 the

76 314 208 352 neque
237 307 400 351 quartus
429 306 614 349 aspectus
646 311 777 349 neque
808 298 933 338 trinus
965 298 1046 349 sive
1075 299 1234 339 sextilis.
1305 301 1409 340 Cum
1441 302 1557 339 fuerit
1577 292 1675 319 ³¹⁰⁰¹¹·

77 357 191 395 Luna
211 361 389 405 separata
408 367 431 392 a
453 355 570 401 malo,
593 360 631 392 et
649 354 787 403 juncta
807 352 922 392 fuerit
942 354 1111 401 fortune,
1135 354 1207 393 erit
1227 353 1312 393 dies
1334 354 1556 394 laudabilis.

39 420 58 452 5
76 411 181 451 Cum
200 423 294 449 vero
315 415 494 459 separata
514 407 629 447 fuerit
648 421 671 446 a
692 408 850 446 fortuna
869 415 908 447 et
926 409 1065 458 juncta
1084 409 1201 456 malo,
1220 408 1293 448 erit
1307 422 1330 448 e
1345 409 1554 448 contrario.

77 466 128 504 Et
148 478 241 503 cum
257 471 436 514 separata
456 461 572 501 fuerit
592 476 615 500 a
631 464 737 501 malo
757 470 795 501 et
809 475 890 501 non
911 462 1027 502 fuerit
1044 465 1182 513 juncta
1197 465 1366 512 fortune,
1384 463 1457 502 erit
1472 463 1558 503 dies

75 519 265 558 cavenda.
323 516 365 556 Si
384 529 477 556 vero
507 524 686 567 separata
716 517 830 556 fuerit
859 530 882 556 a
911 518 1069 556 fortuna
1098 526 1137 556 et
1166 531 1250 556 non
1279 519 1395 557 fuerit
1419 519 1558 568 juncta

75 575 193 620 malo,
216 572 288 612 erit
309 571 394 610 dies
424 579 508 610 tota
538 570 759 610 laudabilis
813 572 864 610 Et
885 584 976 610 curn
999 571 1116 611 suerit
1143 574 1259 611 Luna
1279 585 1397 612 cursu
1418 585 1554 621 vacua,

75 627 147 667 erit
181 627 266 667 dies
298 626 364 665 illa
397 625 562 674 inutilis,
592 625 667 664 nisi
707 633 862 664 tantum
900 627 952 665 ad
983 626 1261 676 quietudinem
1300 634 1340 666 et
1373 627 1557 666 introitus

19 699 59 722 10
74 682 310 722 balneorum
348 688 387 719 et
419 694 513 719 usus
543 693 705 728 annore,
740 681 850 731 quod
889 688 949 719 est
982 694 1108 731 genus
1137 681 1414 721 medicaminis
1446 683 1557 732 quod

74 737 201 776 aufert
221 735 322 787 pilos
339 749 348 783 3
377 743 416 774 et
436 734 608 774 maxime
635 736 666 774 si
687 734 803 774 fuerit
823 734 864 773 in
885 735 1115 785 Scorpione.
1185 738 1289 775 Item
1321 749 1413 775 cum
1442 737 1558 775 fuerit

77 793 192 830 Luna
209 792 347 841 juncta
369 789 548 840 pluribus
569 789 739 840 planetis
763 789 796 829 si
821 788 965 828 fuerint
986 791 1117 840 plures
1138 803 1273 829 earum
1294 792 1461 838 fortune,
1486 792 1558 829 erit

74 845 162 885 dies
181 845 404 885 laudabilis.
454 845 505 883 Et
526 843 557 883 si
579 844 723 883 fuerint
743 845 875 894 plures
894 857 1033 883 eorum
1050 844 1154 892 mali,
1173 845 1245 884 erit
1257 845 1342 884 dies
1356 846 1536 884 cavenda
1551 860 1561 894 3

75 901 107 940 si
136 913 230 939 vero
260 900 404 939 fuerint
435 900 608 949 equales,
645 898 716 938 erit
746 898 831 938 dies
858 898 1081 938 mediocris.
1141 900 1178 938 Si
1211 913 1303 939 vero
1333 899 1448 939 fuerit
1468 913 1561 939 con-

20 969 58 1002 15
70 953 234 1006 junccio
247 955 362 994 Lune
374 967 465 994 curn
480 953 649 1004 planetis
662 952 898 1004 retrogradis
913 954 974 993 vel
990 954 1212 993 combustis
1227 962 1295 994 aut
1309 954 1561 1003 cadentibus,

75 1008 148 1049 erit
196 1008 386 1048 similiter.
465 1010 568 1047 Item
607 1021 700 1047 cum
739 1007 855 1046 fuerit
894 1009 1009 1047 Luna
1048 1009 1166 1059 longe
1203 1022 1227 1047 a
1264 1008 1558 1060 conjunccione

75 1065 283 1112 malorum,
305 1063 346 1103 id
367 1072 437 1112 est,
460 1076 551 1102 cum
580 1063 583 1114 J
609 1062 724 1101 fuerit
745 1062 847 1101 inter
875 1063 1002 1112 ipsam
1030 1070 1070 1102 et
1097 1064 1222 1102 malos
1243 1065 1375 1114 plures
1395 1065 1554 1115 gradus,
1579 1070 1619 1103 86
1636 1072 1668 1103 b.

75 1117 148 1157 erit
179 1119 264 1168 ipsa
293 1118 379 1157 dies
409 1117 620 1156 laudabilis
641 1117 681 1155 in
712 1116 911 1167 operibus.
971 1119 1022 1156 Et
1057 1117 1088 1156 si
1118 1118 1234 1156 fuerit
1264 1119 1382 1169 longe
1410 1132 1434 1157 a
1468 1132 1560 1159 con-

73 1172 288 1223 junccione
310 1174 480 1220 fortune,
502 1172 574 1211 erit
594 1173 773 1211 cavenda
793 1171 834 1209 in
854 1171 1053 1222 operibus.
1114 1174 1165 1211 Et
1186 1173 1218 1211 si
1238 1172 1354 1212 fuerit
1381 1175 1497 1213 Luna
1516 1173 1557 1212 in

19 1239 60 1262 20
75 1228 200 1266 domo
219 1229 282 1266 vel
301 1227 342 1266 in
362 1227 608 1266 exaltacione
628 1239 709 1273 sua,
731 1227 794 1265 vel
813 1226 854 1264 in
875 1225 1008 1276 aliqua
1028 1227 1241 1265 domorum
1268 1227 1378 1277 Jovis
1399 1230 1517 1280 longe
1537 1241 1560 1266 a

75 1281 380 1331 conjunccione,
402 1281 474 1320 erit
494 1282 580 1320 dies
600 1280 822 1320 laudabilis.
874 1280 913 1319 Si
936 1294 1028 1319 vero
1048 1281 1164 1320 fuerit
1188 1281 1229 1320 in
1248 1283 1334 1321 aliis
1355 1283 1465 1331 locis,
1488 1282 1560 1322 erit

75 1336 299 1376 mediocris.
373 1338 467 1375 Hoc
487 1344 547 1375 est
567 1348 654 1374 esse
676 1336 790 1374 Lune
819 1334 860 1374 in
879 1335 1130 1385 longitudine
1150 1349 1197 1374 ac
1217 1336 1469 1386 proximitate
1490 1350 1560 1376 sue

74 1390 378 1441 conjunccionis
398 1404 491 1430 cum
512 1389 681 1441 planetis
702 1398 783 1428 tarn
803 1389 845 1428 in
872 1389 1166 1440 conjunccione
1193 1404 1315 1440 quam
1342 1391 1382 1430 in
1403 1391 1561 1444 opposi-

75 1445 192 1486 cione
211 1454 250 1485 et
267 1445 308 1485 in
328 1452 470 1497 quarto
490 1447 571 1484 sive
591 1444 695 1483 trino
714 1451 879 1495 aspectu
901 1446 962 1483 vel
983 1443 1121 1483 sextili.
1184 1446 1379 1496 Intellige.

20 1587 58 1620 25
130 1565 358 1634 Explicit
365 1572 501 1633 pars
517 1562 746 1615 secunda
768 1563 829 1614 de
846 1564 1098 1630 regimine
1111 1566 1360 1617 sanitatis
1377 1583 1559 1634 regum

68 1649 370 1717 principum
397 1666 460 1700 ac
483 1648 835 1700 dominormn.
1113 1665 1122 1671 ’

121 1828 163 1858 25
187 1819 241 1858 de,
261 1817 446 1850 iterat-MS.

146 2789 208 2811 1⁶90
819 2781 828 2811 Ι
