1908 3126
1040 39 1094 80 92

29 155 271 187 Thebestwine,
323 151 366 185 et
403 143 668 185 inflaciones.
733 142 1023 184 Laudabilius
1066 144 1111 183 et
1148 142 1326 183 suavius
1362 143 1484 184 omni
1519 143 1623 185 vino
1665 144 1812 197 quoad

27 191 116 218 Ofau'
323 227 479 256 omnes
497 213 833 267 complexiones
854 219 921 254 est
944 211 1051 253 illud
1074 213 1194 266 quod
1214 213 1405 255 nascitur
1423 214 1465 254 in
1486 220 1602 255 terra
1625 220 1814 255 extensa

30 293 134 319 Where
156 292 303 325 itgrows;
322 286 435 326 inter
468 290 639 326 montes
676 290 720 325 et
747 283 895 333 valles,
918 283 1040 336 cujus
1074 297 1273 324 racemus
1306 290 1372 325 est
1410 284 1525 325 bone
1545 284 1814 335 dulcedinis,

28 367 256 399 itscuitivatiom
321 355 511 409 perfecte
550 354 830 404 maturitatis,
869 353 1046 394 subtilis
1078 353 1203 401 aeris,
1239 354 1358 406 quod
1395 367 1484 395 non
1519 354 1815 396 vindemiatur

320 427 462 468 donec
485 439 661 479 egressa
684 423 815 466 fuerit
847 423 1062 465 fortitudo
1078 421 1093 446 ¹
1121 437 1196 464 sue
1229 424 1479 465 substancie
1507 430 1551 466 et
1573 424 1815 466 humiditas
1835 445 1852 476 5
1904 440 1908 468 ε

322 495 513 546 corticis,
554 495 798 549 insipitudo
852 493 1088 548 palmitum
1131 501 1175 534 et
1217 507 1455 547 granorum
1499 494 1779 548 graciliorum
1803 510 1811 546 3

30 566 447 620 c010u1·‚anc1taste:cujus
475 565 597 608 color
626 570 693 606 est
721 578 879 605 aureus
894 563 923 615 2,
946 563 1068 617 cujus
1097 578 1226 618 sapor
1254 571 1319 605 est
1351 565 1523 606 medius
1555 570 1710 606 acutus
1728 564 1742 586 ²⁵
1772 571 1816 605 et

31 638 97 664 ¹26³·
213 630 251 679 ΤΞ
271 638 304 669 b·
324 635 613 688 delectabilis,
636 635 762 689 cujus
785 634 860 676 fex
883 635 925 674 in
950 634 1086 676 fundo
1113 634 1354 688 depressa4
1380 635 1382 689 Ι
1413 643 1491 686 est,
1519 636 1642 690 cujus
1668 641 1818 689 partes

31 716 124 756 Useit
139 716 166 743 in
181 717 307 743 modera—
326 706 511 748 subtiles
549 712 651 747 sunt
685 711 728 746 et
767 711 995 746 arecentes
1028 704 1115 760 (vel
1148 705 1368 758 arefacte).
1432 704 1629 758 Quando
1667 705 1819 758 itaque

32 756 101 778 ΠΜ
326 777 415 819 tale
439 776 666 831 reperitur,
688 789 814 817 sume
831 776 888 816 de
910 775 1008 829 ipso
1027 782 1273 829 temperate
1292 776 1424 830 juxta
1441 782 1603 817 etatem
1621 775 1819 830 corporis
1843 794 1882 816 10

34 860 251 894 ism-opertas.
327 856 369 890 et
393 848 608 902 temporis
631 848 913 902 qualitatem,
937 847 1041 900 quia
1067 847 1287 888 confortat
1310 847 1606 897 stomachum,
1629 847 1819 889 calorem
1903 831 1908 845 ἆ

325 918 585 960 corroborat
618 917 876 967 naturalem,
896 917 1023 970 juvat
1057 906 1368 972 digestionem,
1401 924 1631 959 conservat
1664 932 1691 959 a
1723 931 1818 958 cor·
1857 952 1866 958 ,
1906 919 1908 922 ⁴

325 989 593 1044 rumpcione‚
626 989 748 1030 ducit
780 988 941 1039 cibum,
969 988 1179 1041 decoquit
1212 995 1255 1030 et
1287 989 1490 1043 perducit
1520 977 1679 1043 ipsum*
1699 987 1818 1042 puri-

325 1058 506 1100 ficatum
529 1059 584 1100 ad
609 1059 759 1100 omnia
781 1057 981 1098 membra
1003 1071 1090 1111 que
1119 1066 1342 1112 reguntur,
1365 1064 1409 1099 et
1431 1058 1641 1112 decoquit
1672 1058 1819 1099 cibum

65 1167 95 1199 ἦ
327 1129 472 1183 ipsum
506 1129 548 1169 in
580 1128 749 1170 eisdem
773 1127 982 1169 membris
1009 1129 1148 1169 donec
1179 1134 1465 1170 convertatur
1488 1129 1531 1169 in
1557 1128 1819 1183 sanguinem
1847 1144 1882 1176 ¹5

35 1212 273 1251 ite-omsortsthe
328 1199 535 1240 subtilem
561 1205 603 1240 et
626 1198 1001 1247 substancialem3
1034 1205 1140 1239 tunc
1169 1199 1369 1240 ascendit
1397 1199 1453 1239 ad
1483 1198 1696 1240 cervicem
1719 1211 1820 1240 cum

34 1247 124 1279 bmm’
329 1270 474 1311 calore
497 1276 763 1324 temperato,
781 1276 825 1310 et
840 1270 985 1310 reddit
1005 1269 1149 1324 capud
1167 1283 1367 1310 securum
1386 1283 1411 1310 a
1428 1269 1620 1310 fortuitis
1635 1269 1821 1317 casibus,

36 1355 198 1383 makesthe
210 1356 292 1384 heart
331 1341 510 1394 insuper
532 1354 606 1381 cor
629 1339 824 1391 letificat,
848 1339 1039 1381 colorem
1064 1339 1283 1393 rubificat‚
1300 1340 1496 1395 linguam
1521 1339 1667 1380 reddit
1685 1353 1821 1394 expe-

35 1391 259 1467 {iffddimmany
326 1411 481 1463 ditam,
507 1410 666 1452 liberat
688 1425 715 1452 a
735 1410 861 1462 curis,
885 1417 929 1452 et
958 1409 1186 1451 hominem
1210 1408 1314 1451 facit
1337 1411 1565 1462 audacem,
1587 1416 1630 1451 et
1653 1409 1822 1451 excitat

36 1468 207 1529 Ξὲἕὲῖἶξοοᾱ
330 1481 386 1522 ad
412 1483 563 1521 omnia
586 1481 848 1535 appetitum,
871 1487 914 1522 et
939 1480 1080 1521 multa
1104 1480 1188 1521 alia
1210 1481 1328 1521 bona
1350 1481 1464 1522 facit.
1845 1495 1885 1517 20

38 1569 320 1608 puriftoonmca
389 1550 557 1592 Vinum
592 1557 742 1591 autem
777 1552 959 1604 quando
1000 1551 1189 1592 sumitur
1231 1550 1543 1592 habundanter
1577 1551 1620 1591 in
1664 1563 1824 1604 magna

37 1613 60 1664 ii
73 1604 216 1665 i1²i1¹iiss¹the
231 1638 301 1670 was,
331 1621 593 1675 quantitate,
611 1627 716 1661 tunc
734 1621 814 1662 hec
831 1621 948 1661 mala
963 1626 1263 1673 consequntur
1282 1637 1289 1660 :
1315 1620 1520 1662 obscurat
1536 1619 1824 1669 intellectum,

331 1699 375 1732 et
408 1691 579 1745 inpedit
614 1704 803 1742 sensum,
831 1697 874 1732 et
908 1691 1058 1732 turbat
1095 1691 1336 1741 cerebrum,
1371 1690 1577 1732 debilitat
1613 1691 1822 1732 virtutem

332 1761 577 1803 naturalem
597 1768 642 1803 et
660 1761 914 1810 animalem,
932 1767 1115 1815 generat
1138 1760 1411 1802 oblivionem
1430 1759 1458 1813 ⁵,
1475 1760 1583 1802 ledit
1598 1773 1752 1802 omnes
1769 1770 1821 1812 .5.

333 1845 488 1873 sensus
518 1831 680 1885 quibus
709 1832 873 1885 regitur
895 1838 939 1873 et
953 1831 1199 1885 disponitur
1221 1838 1318 1873 tota
1339 1831 1543 1885 operacio
1573 1829 1825 1885 corporalis,
1846 1846 1884 1878 25

41 1922 245 1949 eufeeblesthe
334 1901 457 1956 fugat
491 1902 756 1955 appetitum,
791 1901 994 1943 debilitat
1031 1901 1239 1943 cathenas
1276 1901 1472 1955 corporis
1505 1907 1548 1942 et
1581 1901 1825 1955 juncturas,

40 1958 124 1990 bOdy'
332 1979 517 2026 generat
540 1979 781 2013 tremorem
807 1972 1122 2022 membrorum,
1145 1978 1189 2012 et
1219 1970 1531 2026 lippitudinem
1554 1969 1795 2021 oculorum,
1818 1965 1823 2021 Ι

227 2061 266 2093 73
284 2063 314 2084 a.
332 2041 534 2082 accendit
557 2041 765 2092 coleram,
787 2042 978 2084 destruit
1008 2055 1114 2097 epar
1140 2041 1243 2096 quia
1273 2041 1419 2083 reddit
1448 2041 1543 2102 ejus
1564 2040 1824 2094 sanguinem

42 2119 173 2185 {lievggfys
187 2118 234 2145 the
332 2111 610 2166 grossiorem,
634 2118 678 2152 et
696 2112 839 2153 cordis
854 2126 1051 2153 cruorem
1071 2113 1287 2166 denigrat.
1352 2111 1426 2152 Ex
1444 2111 1547 2152 inde
1561 2110 1825 2165 proveniunt

42 2214 142 2231 causes
156 2213 241 2237 many
333 2182 467 2223 timor
490 2188 534 2223 et
560 2181 726 2234 horror,
749 2187 928 2234 tremor,
950 2181 1297 2236 sompnilocucio
1315 2180 1343 2232 ⁶,
1366 2180 1600 2223 fantastice
1620 2180 1825 2226 visiones,
1845 2197 1887 2228 30

43 2239 209 2271 ⁵¹⁰k¹¹es⁵ffi⁹
333 2251 563 2306 corrupcio
586 2252 758 2302 coloris,
780 2252 1036 2294 debilitacio
1058 2252 1333 2305 genitalium,
1365 2251 1613 2292 destruccio
1636 2249 1826 2300 seminis,

388 2367 397 2385 ¹
430 2366 591 2414 scilicet,
614 2367 824 2417 superflua.

387 2422 399 2442 '·⁷
432 2421 473 2460 id
494 2430 563 2471 est,
584 2421 740 2460 medius
761 2420 863 2460 inter
883 2420 1051 2459 rubeum
1074 2428 1111 2459 et
1133 2420 1330 2459 citrinum.

390 2478 401 2494 ³
432 2476 594 2524 scilicet,
618 2476 719 2514 inter
738 2489 917 2514 amarum
940 2483 978 2514 et
994 2476 1112 2514 dulce
1135 2483 1176 2513 ut
1198 2484 1256 2514 est
1276 2483 1429 2514 acutus.

390 2533 401 2551 ⁴
434 2530 474 2569 id
496 2538 566 2577 est,
591 2531 694 2569 bene
716 2531 899 2569 defecata
919 2538 1135 2581 antequam
1159 2531 1386 2569 extrahatur
1406 2531 1457 2569 de
1478 2529 1589 2568 dolio
1609 2537 1684 2568 etc.
1845 2547 1885 2580 35

390 2586 404 2605 ⁵
434 2585 687 2624 obliviosum.
909 2587 922 2605 ὃ
952 2586 992 2624 id
1014 2594 1085 2633 est,
1106 2586 1264 2624 locucio
1284 2584 1324 2623 in
1346 2583 1537 2636 sompnis.

382 2706 419 2726 21
448 2696 601 2734 Chapter
619 2695 676 2726 lix.
699 2694 736 2726 V.
