1908 3126
836 121 890 163 39

188 253 225 295 C
221 252 434 307 opitulum
456 250 689 292 secundnm
712 250 788 304 <dc
801 242 1004 305 prologo>
1034 252 1259 300 Jolmnm's
1280 252 1357 304 qui
1376 252 1610 293 transtulit
1625 263 1668 295 34
1689 254 1719 285 b·
1859 255 1888 291 C

124 322 284 363 librum
307 321 381 372 bis,
403 327 446 362 el
464 321 516 362 de
537 320 643 362 libri
663 321 920 363 invencione.

198 408 420 457 ohannes,
461 408 535 460 qui
584 406 811 447 transtulit
861 406 1018 447 librum
1067 408 1214 457 istum,
1258 407 1374 448 filius
1421 407 1811 475 l'atricii,{³,2<>h¹;{{1¹i{gf

128 408 446 547 Jlinguarum
478 477 791 529 interpretator
823 476 1112 529 peritissimus
1147 483 1189 517 et
1223 476 1517 526 fidelissimus,
1544 477 1605 516 in-
1626 476 1734 502 Bafflk-

196 547 291 599 quit
309 563 316 588 :
343 547 445 587 Non
462 546 616 599 reliqui
635 546 778 586 locum
796 559 874 585 nec
889 545 1104 598 templum
1122 546 1163 586 in
1179 547 1338 599 quibus
1352 545 1605 599 philosophi

126 623 445 657 consueverunt
467 628 731 667 componere
748 621 789 654 et
814 628 1024 668 reponere
1042 629 1118 656 sua
1142 629 1276 668 opera
1299 621 1466 656 secreta
1489 616 1607 668 quod
1626 618 1898 680 gggffiefflvsi—{ggnh

128 697 214 725 non
233 685 419 735 visitavi,
437 698 517 726 nec
535 684 727 737 aliquem
748 684 1061 738 peritissimum
1079 698 1211 738 quem
1229 685 1396 726 credidi
1418 684 1608 726 habuere

126 753 318 807 aliquam
356 754 566 795 noticiam
602 755 658 794 de
694 754 867 807 scriptis
903 753 1219 807 philosophicis
1254 755 1374 808 quod
1410 768 1497 795 non
1531 769 1607 794 ex-

127 823 296 876 quisivi,
320 831 550 877 quousque
572 823 667 863 veni
691 824 746 863 ad
771 823 996 864 oraculum
1021 822 1136 864 Solis
1157 825 1276 878 quod
1299 830 1608 865 construxerat
1625 831 1794 893 {lssesfficle
1813 832 1846 859 of

15 915 17 920 ·
70 909 109 931 10
129 892 417 946 Esculapides
446 906 526 946 pro
556 906 614 934 se.
682 893 732 932 In
763 906 852 945 quo
884 893 1030 933 inveni
1062 894 1299 946 quemdam
1331 893 1473 934 virum
1506 893 1608 935 soli·
1658 884 1673 892 ”
1749 885 1756 893 ’

127 962 298 1012 tarium,
349 962 658 1010 abstinentem,
706 962 957 1002 studentem
1011 962 1054 1002 in
1105 962 1385 1016 philosophia
1438 964 1607 1017 peritis-

126 1032 298 1083 simum,
349 1033 524 1086 ingenio
573 1031 1004 1082 excellentissimum,
1051 1032 1118 1073 cui
1171 1046 1240 1072 me
1288 1032 1515 1073 humiliavi
1566 1034 1607 1074 in

125 1108 339 1154 quantum
371 1103 506 1156 potui,
541 1101 696 1143 servivi
728 1101 965 1155 diligenter
997 1108 1040 1142 et
1076 1102 1320 1155 supplicavi
1360 1103 1523 1144 devote
1561 1110 1607 1144 ut

126 1171 230 1212 mihi
273 1173 523 1213 ostenderet
566 1179 733 1213 secreta
775 1171 937 1226 scripta
980 1172 1091 1212 illius
1129 1172 1304 1213 oraculi.
1369 1173 1456 1226 Qui
1499 1173 1604 1214 mihi
1625 1181 1878 1228 Thesea-efflas.

12 1262 13 1277 i
70 1259 104 1290 15
123 1241 309 1283 libenter
328 1242 524 1284 tradidit.
1624 1215 1831 1246 mdh’

184 1313 244 1353 Et
268 1315 381 1354 inter
402 1321 559 1364 cetera,
581 1314 880 1354 desideratum
904 1326 1014 1367 opus
1038 1313 1181 1353 inveni
1204 1320 1384 1367 propter
1405 1314 1523 1367 quod
1548 1314 1602 1354 ad
1623 1332 1728 1363 among
1741 1324 1836 1350 other„-

125 1381 244 1423 illum
283 1382 428 1424 locum
467 1383 643 1434 iveram,
681 1389 724 1424 et
761 1389 963 1436 tempore
999 1382 1255 1436 longissimo
1289 1383 1601 1424 laboraveram.
1623 1358 1778 1385 thlstOk'

124 1451 226 1505 Quo
253 1452 419 1502 habito,
442 1467 541 1495 eum
573 1453 738 1507 gaudio
765 1454 821 1494 ad
848 1453 1027 1506 propria
1056 1452 1261 1505 remeavi,
1283 1453 1384 1494 inde
1416 1452 1605 1494 referens
1626 1487 1843 1514 ,transmedit

123 1523 301 1575 gracias
328 1523 477 1564 multis
516 1524 660 1564 modis
700 1522 910 1564 Creatori.
993 1522 1053 1564 Et
1087 1523 1142 1563 ad
1186 1522 1451 1577 peticionem
1490 1523 1604 1576 regis
1623 1521 1908 1577 fmmG‘eekintQ

8 1642 11 1649 θ
64 1607 104 1629 20
124 1591 401 1633 illustrissimi
426 1593 619 1634 laboravi
651 1593 834 1633 studens
850 1591 879 1642 ¹,
902 1598 946 1634 et
969 1591 1186 1633 transtulii
1214 1592 1360 1646 primo
1382 1593 1524 1646 ipsum
1549 1594 1604 1634 de
1623 1555 1804 1650 ἓξὲξ-ἐξ

123 1661 273 1715 lingua
306 1661 447 1703 Greca
481 1663 522 1703 in
557 1661 782 1713 Caldeam,
815 1668 859 1702 et
900 1662 957 1702 de
993 1661 1076 1703 hac
1102 1661 1108 1716 l
1138 1663 1179 1702 in
1214 1662 1469 1703 Arabicam.
1533 1663 1603 1702 In·
1624 1677 1664 1710 35
1682 1680 1711 1700 a.

123 1731 275 1784 primis
313 1732 444 1786 igitur
479 1733 588 1774 sicut
626 1732 767 1773 inveni
806 1732 847 1772 in
888 1732 972 1772 isto
1010 1732 1162 1773 codice
1205 1732 1405 1773 transtuli
1444 1732 1604 1773 librum

122 1801 374 1853 peritissimi
393 1801 653 1852 Aristotilis,
669 1803 711 1842 in
729 1815 818 1855 quo
833 1801 944 1842 libro
962 1803 1256 1854 respondetur
1270 1802 1325 1843 ad
1344 1801 1604 1855 peticionem

122 1871 235 1925 regis
257 1871 508 1913 Alexandri
531 1873 611 1913 sub
634 1872 716 1913 hae
739 1870 893 1912 forma.

89 573 105 602 5

6 2006 9 2056 ἶ
62 2026 100 2058 25
120 2017 171 2055 ad
193 2029 335 2064 mores,
358 2015 449 2054 licet
471 2029 551 2054 non
574 2023 747 2066 cogatur,
771 2021 829 2052 set
850 2019 892 2051 ut
908 2014 1026 2063 gratis
1047 2013 1140 2052 velit
1156 2027 1203 2052 ea
1222 2015 1274 2053 ad
1295 2027 1373 2064 que
1395 2013 1605 2063 qualitates

120 2069 290 2121 regionis
322 2077 361 2109 et
385 2070 610 2121 complexio
645 2068 851 2114 inclinant,
887 2075 929 2105 ut
964 2067 1002 2106 in
1035 2067 1230 2119 principio
1268 2068 1492 2118 expositum
1531 2077 1601 2106 est.

122 2126 244 2174 Quod
265 2124 297 2164 si
318 2138 400 2163 non
421 2133 556 2176 posset
576 2126 714 2170 faeere,
738 2131 834 2162 tunc
862 2121 978 2172 jussit
999 2131 1041 2160 ut
1066 2136 1206 2162 omnes
1227 2122 1475 2162 interficeret.
1536 2124 1604 2162 Set

120 2179 288 2229 qualiter
308 2180 501 2218 deberent
531 2178 741 2230 qualitates
771 2176 941 2228 regionis
972 2177 1171 2216 immutari
1201 2179 1320 2216 docet
1340 2177 1434 2216 alibi
1456 2178 1496 2215 in
1525 2178 1603 2215 hoe

121 2234 232 2273 libro.
292 2236 359 2274 Set
397 2234 497 2273 asini
537 2241 729 2284 respuunt
763 2239 924 2283 propter
963 2232 1280 2283 magnitudinem
1310 2231 1521 2282 sapiencie,
1564 2239 1602 2270 et
1623 2266 1768 2294 Mistaben
1780 2267 1843 2294 criti

7 2299 9 2314 <
62 2301 102 2332 30
120 2297 280 2339 propter
318 2290 483 2328 modum
523 2289 726 2339 loquendi,
761 2287 855 2338 quia
888 2288 1097 2326 translator
1126 2286 1292 2326 nomina
1322 2287 1457 2337 aliqua
1490 2286 1604 2337 ponit
1620 2309 1690 2336 cism
1704 2284 1881 2337 Ossthe-bogk

120 2343 264 2393 quibus
285 2351 450 2382 utuntur
471 2343 623 2394 magici,
643 2351 685 2382 ut
706 2342 813 2393 prius
840 2340 844 2393 Ι
872 2340 911 2378 in
928 2350 1123 2391 quaterno
1140 2342 1347 2381 declaravi.
1408 2343 1459 2380 Et
1480 2342 1604 2380 multa
1623 2354 1664 2386 34
1680 2347 1712 2376 b.
1795 2337 1804 2343 “

121 2398 361 2449 exemplaria
380 2411 462 2437 non
484 2397 638 2438 habent
653 2398 760 2436 illam
788 2394 1012 2436 doctrinam
1033 2396 1126 2446 quia
1153 2396 1261 2435 stulti
1290 2409 1372 2435 non
1393 2397 1604 2435 voluerunt

123 2452 305 2500 seribere,
329 2461 387 2492 set
407 2453 640 2493 abraserunt
659 2466 682 2492 a
702 2451 811 2491 libris
832 2450 924 2498 suis,
948 2452 1048 2491 sieut
1070 2450 1309 2502 exemplaria
1333 2458 1503 2501 quatuor
1523 2464 1602 2500 que

7 2547 9 2558 Ι
121 2521 228 2546 nune
251 2509 382 2546 inveni
411 2507 569 2547 Oxonie
599 2521 680 2546 non
706 2507 932 2546 habuerunt
959 2508 1035 2554 illa,
1058 2520 1132 2545 nee
1163 2505 1341 2544 similiter
1369 2506 1492 2544 multa
1511 2506 1856 2553 alia,-Manuscript-<at

6 2562 9 2583 ³
61 2575 100 2606 35
120 2570 178 2601 set
200 2561 371 2601 Parisius
392 2562 512 2602 habui
535 2563 773 2613 exemplaria
793 2562 978 2612 perfecta.
1619 2547 1728 2608 ῗζξξζῖἀ
1742 2548 1798 2573 ³¹¹⁶

176 2615 184 2635 ¹
215 2618 289 2664 vel,
311 2616 464 2655 studiis.
935 2665 949 2687 ς

65 2729 76 2738 υ
102 2780 103 2783 ,
153 2762 172 2781 ,ι
204 2751 355 2791 Chapter
372 2751 413 2781 iv.
438 2751 474 2782 V.
