1908 3126
764 54 844 104 167

70 164 336 221 diminuetur
357 173 556 217 similiter
578 156 764 212 natura.¹
826 168 949 219 Fuge
974 162 981 221 Ι
1009 176 1114 217 ergo
1136 161 1193 203 ab
1219 159 1337 201 omni
1361 156 1540 199 homine
1562 161 1621 195 126
1639 163 1673 196 b.

71 248 206 290 livido
229 246 357 296 flavo,
378 242 587 297 quoniam
615 239 809 281 declivus
832 242 897 278 est
920 235 974 276 ad
997 233 1107 274 vicia
1129 237 1172 273 et
1197 228 1432 270 luxuriam.

131 317 190 357 Et
228 328 328 355 cum
358 312 519 354 videris
553 310 744 363 aliquem
779 308 820 346 in
856 312 900 345 te
930 304 1277 355 frequentantem
1309 297 1466 345 visum,
1498 301 1540 335 et
1560 303 1644 336 Sigus
1657 299 1791 328 osaman·

72 400 172 428 cum
200 384 377 437 ‘respicis
411 395 511 422 eum
545 383 732 420 terretur
760 389 817 417 ex
839 374 922 414 hoc
945 379 989 413 et
1023 369 1252 418 eiubescit,
1274 373 1318 408 et
1340 364 1544 409 ,maxime
1562 336 1783 404 ῗὲεῗτῖειῖξῗῖωιά

36 476 53 508 5.
75 456 109 496 si
133 455 250 496 intus
282 452 483 506 suspirat,
508 455 552 490 et
575 447 754 488 lacrime
782 447 997 499 apparent
1029 440 1070 480 in
1104 438 1264 479 oculis:
1298 435 1368 475 hic
1401 433 1545 487 diligit

73 532 118 566 te
140 530 183 565 et
205 523 379 564 timebit
402 527 458 562 te.
538 517 585 558 Si
615 529 717 557 vero
751 512 1019 555 contrarium
1045 508 1185 557 fuerit,
1209 512 1276 547 est
1306 503 1477 557 invidus
1502 508 1546 542 et

74 600 395 645 contempnens
417 598 474 630 te.

132 663 250 704 Cave
282 668 326 702 et
358 671 541 713 precave
573 656 628 696 ab
660 653 839 694 homine
872 648 1141 690 infortunato
1174 651 1217 685 et
1249 642 1470 684 diminuto
1503 640 1545 680 in
1565 650 1680 675 neware
1694 647 1787 674 osun-

73 731 222 785 aliquo
245 729 457 777 membro,
479 727 591 767 sicut
612 722 853 764 cavendum
877 725 943 759 est
965 717 1045 758 tibi
1071 716 1127 756 ab
1149 712 1338 754 inimico.
1562 685 1708 744 ‹sssrf‘gi'xiigg
1720 692 1797 742 ssien.

0 813 58 837 ³¹0
137 800 306 866 Eguior
327 804 371 838 et
394 793 686 848 temperacior
707 797 906 831 creatura
931 792 997 827 est
1024 799 1109 839 que
1141 781 1345 824 convenit
1378 779 1542 821 medio·
1562 789 1624 816 The
1637 797 1701 814 man
1715 788 1824 814 oseven

77 870 222 911 critati
259 873 427 909 stature
459 878 560 905 cum
606 860 834 915 nigredine
871 855 1098 898 oculorum
1129 859 1173 892 et
1210 849 1467 904 capillorum
1505 828 1788 886 ettempemmm‘

78 953 177 982 curn
201 937 473 980 rotunditate
504 932 662 974 vultus.
723 927 904 970 Albedo
935 938 1040 965 vero
1071 921 1319 962 commixta
1351 915 1553 967 rubedini

80 1016 147 1051 est
192 1009 323 1049 bona.
386 1005 446 1048 Et
493 1003 639 1045 fuscus
680 998 803 1040 color
843 999 1115 1048 temperatus
1157 1003 1257 1032 cum
1300 986 1552 1039 integritate

80 1077 283 1137 corporis,
301 1082 345 1117 et
368 1073 585 1115 rectitudo
607 1076 774 1110 stature
791 1079 842 1107 ac
863 1063 1018 1116 capitis
1042 1059 1319 1100 mediocritas
1343 1056 1385 1095 in
1410 1054 1550 1108 parvi-

21 1160 59 1194 15
81 1155 171 1190 tate
193 1154 236 1188 et
270 1142 585 1198 magnitudine,
607 1145 651 1181 et
682 1137 835 1179 raritas
867 1132 1100 1174 verborum
1133 1128 1215 1168 nisi
1247 1139 1347 1166 cum
1377 1135 1553 1164 necesse

83 1217 221 1266 suerit,
245 1213 522 1265 mediocritas
542 1211 583 1251 in
601 1203 978 1255 sonoritatekvocis
992 1207 1035 1241 et
1053 1197 1308 1239 subtilitate.
1361 1192 1554 1246 Quando

81 1300 186 1328 vero
208 1291 364 1325 natura
385 1281 578 1335 declinat
603 1278 656 1318 ad
683 1272 955 1329 nigredinem
980 1275 1023 1310 et
1046 1266 1340 1315 croceitatem,
1362 1256 1465 1303 tunc
1489 1267 1554 1300 est

83 1356 255 1410 optima
275 1350 572 1406 temperancia
589 1362 597 1399 ;
629 1344 798 1388 creacio
812 1341 897 1382 hec
926 1339 931 1393 Ι
960 1338 1131 1394 placeat
1148 1335 1241 1384 tibi,
1259 1333 1372 1373 hanc
1389 1330 1555 1371 habeas
1576 1342 1635 1376 127
1653 1345 1683 1365 a.

84 1433 245 1468 tecum.
324 1423 384 1463 Et
421 1433 504 1473 ego
542 1418 806 1469 interpretor
848 1409 928 1450 tibi
968 1401 1225 1460 quoddaml
1259 1415 1336 1456 per
1372 1399 1553 1440 modum
1574 1405 1797 1433 havehimnear

26 1507 67 1530 20
85 1490 408 1549 separaei‘onis?
456 1495 504 1530 tu
546 1493 692 1539 autem
727 1478 976 1534 temptabis
1021 1476 1165 1529 ipsum
1196 1472 1251 1512 in
1292 1467 1558 1510 rectitudine
1574 1450 1639 1474 ‘'⁰¹''

89 1563 349 1606 intellectus.

151 1665 398 1722 Capitulum
420 1661 602 1707 tercium
624 1657 677 1699 de
697 1655 879 1711 capillis.

94 1746 338 1858 CApilli
360 1750 509 1786 autem
533 1738 710 1797 plurimi
741 1748 896 1778 suaves
917 1729 1161 1785 significant
1180 1721 1560 1767 mansuetudinem
1579 1727 1812 1758 Muehhairand

196 1825 240 1859 et
282 1814 570 1869 frigiditatem
607 1806 787 1850 cerebri.
850 1800 1095 1855 Multitudo
1131 1795 1268 1845 eciam
1302 1790 1561 1845 capillorum
1578 1765 1644 1792 Μ’

29 1915 69 1946 25
91 1902 221 1943 super
243 1892 432 1940 utroque
454 1883 640 1922 humero
668 1873 884 1930 significat
913 1869 1164 1911 fatuitatem
1193 1871 1236 1905 et
1259 1860 1564 1904 stoliditatem.
1599 1859 1604 1864 ’

91 1957 334 2000 Multitudo
375 1953 514 1993 eciam
557 1947 747 2002 pilorum
778 1944 833 1983 *in
875 1945 1052 1994 pectore
1105 1941 1149 1975 et
1189 1938 1341 1973 ventre
1390 1933 1562 1980 reperta
1582 1938 1746 1973 Bodyhair.

92 2027 284 2070 declarat
307 2020 644 2064 horribilitatem
669 2021 712 2056 et
739 2010 1090 2065 singularitatem
1117 2009 1286 2049 nature,
1306 2006 1349 2040 et
1372 1996 1560 2039 diminu-

92 2098 262 2140 cionem
292 2086 651 2147 apprehensionis
681 2090 724 2125 et
757 2092 953 2123 amorem
987 2075 1253 2128 injuriarum,
1275 2074 1319 2109 et
1344 2063 1564 2119 sapiencie

92 2166 232 2208 innuit
255 2162 538 2218 paucitatem.
603 2153 761 2195 Russus
777 2162 878 2191 vero
896 2141 1290 2196 colorcapillorum
1309 2142 1352 2177 et
1375 2134 1645 2188 pilorumRed
1659 2143 1730 2170 hair.

33 2257 74 2289 30
94 2243 161 2278 est
183 2235 355 2287 signum
379 2225 631 2282 insipiencie
653 2230 696 2264 et
719 2219 856 2262 multe
878 2217 937 2257 ire
961 2221 1005 2256 et
1028 2211 1298 2254 insidiarum.
1361 2205 1420 2245 Et
1444 2203 1758 2255 nigerBlackhah-

94 2305 279 2358 capillus
298 2299 438 2342 innuit
462 2294 773 2338 rectitudinem
796 2294 838 2329 et
861 2296 1060 2327 amorem
1080 2279 1266 2334 justicie.
1329 2271 1567 2315 Mediocris

95 2388 196 2416 vero
219 2369 328 2413 inter
350 2370 462 2410 duos
483 2365 652 2406 colores
675 2367 740 2402 est
763 2355 954 2400 hominis
975 2352 1050 2407 qui
1072 2348 1216 2402 diligit
1239 2356 1410 2400 pacem.

152 2477 161 2497 ¹
191 2474 353 2519 scilicet,
377 2469 541 2521 capillos
561 2473 601 2505 et
620 2470 761 2516 postea
780 2459 866 2499 alia.

149 2532 164 2553 ²
193 2531 233 2568 id
254 2535 325 2575 est,
347 2521 553 2564 divisionis
574 2520 615 2558 in
636 2519 761 2557 multa
781 2511 971 2553 membra.

99 2594 478 2610 ‚ff-—

141 2640 161 2669 3
185 2629 341 2667 Chapter
356 2625 443 2655 cxiv.
466 2621 496 2652 V
678 2617 698 2647 8
722 2614 874 2661 Chapter
890 2619 967 2653 cxv.
988 2606 1019 2638 V
1206 2611 1245 2647 ro
1268 2599 1420 2640 Chapter
1436 2594 1514 2628 cxvi

48 2712 58 2722 ,
100 2693 142 2716 22
168 2680 319 2721 Chapter
335 2675 435 2709 cxvii.
455 2674 488 2706 V
