1908 3126
808 110 861 151 91

96 225 243 253 amare
266 212 434 253 fumose
457 213 674 259 dicuntur,
697 219 739 253 et
764 212 860 252 ideo
883 212 1108 253 desiccant
1131 219 1328 253 ventrem
1352 220 1395 253 et
1419 213 1577 254 dissol-
1596 225 1750 258 Signsand
1768 227 1866 253 effects

96 289 216 323 vunt.
264 282 413 334 ’Aque
453 288 602 322 autem
645 279 893 334 palustres¹
935 289 1037 322 sunt
1084 281 1224 322 calide
1265 295 1433 335 grave5‚
1474 283 1577 335 quia
1596 260 1804 287 Ofbssdwater'

94 358 213 392 stant
234 358 277 392 et
300 364 391 393 non
415 357 662 401 moventur,
676 350 780 404 quia
804 349 881 392 Sol
900 350 976 391 diu
999 351 1128 392 durat
1151 364 1281 404 super
1304 351 1447 404 ipsas3
1476 351 1576 391 ideo

92 428 302 473 generant
325 420 515 462 coleram
538 426 581 460 et
604 419 769 460 faciunt
799 433 990 460 crescere
1011 420 1210 474 splenem
1233 426 1276 460 et
1304 420 1574 473 pulmonem.

55 489 227 543 5Aque
269 503 355 543 que
397 490 473 530 diu
520 488 842 531 scaturizantur
883 489 927 529 in
970 489 1082 530 albis
1121 490 1249 530 terris
1291 496 1394 530 sunt
1435 490 1576 531 calide

92 565 136 600 et
169 558 377 610 infi1·me,·-'
410 560 513 612 quia
548 559 773 601 continent
808 559 850 598 in
893 572 939 599 se
980 559 1221 612 particulas
1259 557 1451 600 terreas.3
1514 558 1573 599 Et

92 628 266 683 potacio
288 643 401 683 aque
424 628 581 683 frigide
608 628 839 669 stomacho
864 629 1017 682 jejuno
1049 636 1152 670 ante
1186 629 1418 681 prandium
1442 635 1572 670 nocet
1590 635 1654 695 ἐξῇ
1667 635 1794 696 {gactignk

0 698 11 754 r}
91 699 258 752 corpori
292 705 336 739 et
369 698 592 752 extinguit
635 698 781 752 ignem
824 698 1054 739 stomachi.
1118 698 1300 739 Potacio
1330 712 1434 739 vero
1471 704 1572 752 post
1589 703 1703 736 fastios-

0 764 11 814 l!
90 768 322 820 prandium
346 768 546 810 calefacit
568 780 726 822 corpus
753 774 796 808 et
825 774 1009 820 generat
1037 767 1213 821 flegma,
1245 775 1290 810 et
1314 768 1350 809 si
1381 765 1570 809 multum

0 831 5 890 J,
33 852 73 876 10
90 844 289 878 sumatur
310 838 552 891 corrumpit
573 839 721 879 cibum
745 838 787 877 in
809 837 1054 879 stomacho.
1108 837 1256 878 Debes
1273 837 1405 891 igitur
1421 837 1572 878 bibere
1590 850 1683 890 primi<
1698 851 1762 877 cold
1776 857 1862 877 water

0 898 5 943 l¹
89 919 250 960 aquam
288 906 490 962 frigidam
529 909 570 948 in
612 915 752 949 estate
794 914 838 948 et
885 907 1073 948 calidam
1110 908 1153 947 in
1191 906 1366 960 hyeme,
1404 913 1447 947 et
1482 886 1838 947 n01111³2⁵r¹1¹13¹¹1ssisassl¹3

0 948 2 1044 ι
89 990 111 1016 e
134 989 357 1027 converso,
391 979 495 1031 quia
524 979 700 1032 potacio
726 992 839 1031 aque
868 976 1078 1019 calefacte
1108 977 1150 1017 in
1182 983 1322 1018 estate
1345 975 1571 1017 mollificat

0 1050 9 1099 J¹
89 1053 131 1086 et
152 1046 356 1088 debilitat
384 1048 662 1089 stomachum
688 1054 731 1089 et
762 1048 949 1089 destruit
978 1048 1240 1101 appetitum,
1263 1046 1373 1086 sicut
1396 1046 1571 1099 potacio

0 1101 9 1169 ’,ἶ
87 1128 201 1168 aque
238 1115 395 1170 frigide
430 1117 472 1156 in
514 1116 675 1171 hyeme
714 1117 937 1170 extinguit
971 1115 1162 1157 calorem
1206 1122 1248 1156 et
1278 1115 1465 1156 destruit
1508 1114 1570 1154 in-

0 1175 66 1231 '¹5
85 1191 331 1227 strumenta
374 1187 576 1240 pectoris,
611 1193 653 1227 et
696 1193 822 1228 nocet
865 1176 1079 1240 pulmoni,
1123 1192 1165 1226 et
1213 1184 1352 1226 multa
1392 1191 1571 1238 generat

5 1146 9 1170 >

0 1222 7 1316 ι
87 1263 368 1297 nocumenta.

0 1329 7 1359 ’1

3 1438 5 1475 l

0 1365 7 1436 l

0 1458 2 1533 ι
121 1466 389 1508 ΝΕἰειηᾶιιῐῑι
433 1470 553 1521 quod
613 1470 763 1509 vinum
821 1469 943 1520 cujus
988 1480 1189 1508 racemus
1239 1473 1305 1506 est
1354 1472 1482 1506 natus
1527 1465 1568 1505 in
1588 1480 1718 1508 oswine.

0 1539 2 1550 '
188 1531 339 1578 monte
364 1536 368 1591 Ι
392 1539 472 1579 soli
516 1541 726 1593 opposito
763 1546 829 1578 est
868 1537 1061 1579 siccioris
1104 1542 1259 1576 nature
1290 1548 1421 1588 quam
1461 1535 1567 1575 illud
1591 1551 1677 1582 μα.

27 1621 66 1643 20
85 1607 204 1658 quod
240 1608 434 1649 nascitur
469 1609 510 1649 in
548 1609 683 1663 plano
720 1616 763 1651 et
802 1609 843 1648 in
883 1609 989 1648 locis
1032 1606 1221 1648 madidis
1258 1612 1302 1646 et
1339 1605 1569 1645 umbrosis.
1590 1619 1791 1645 Twosortsof

1589 1662 1606 1676 xx
1616 1652 1669 1678 ine.

86 1675 283 1718 Primum
303 1678 453 1720 vinum
472 1679 589 1720 valet
612 1680 789 1720 senibus
808 1686 850 1720 et
873 1677 1127 1719 hominibus
1144 1674 1509 1716 habundantibus
1526 1675 1568 1714 in
1588 1686 1827 1747 sssssssgiffiffld

83 1745 349 1790 humiditate
390 1756 433 1790 et
476 1749 695 1803 flegmate,
739 1756 868 1791 nocet
914 1762 1018 1789 vero
1057 1745 1292 1800 juvenibus
1335 1752 1378 1786 et
1417 1744 1570 1786 calidis
1772 1743 1775 1746 ’

84 1814 351 1860 hominibus.
429 1819 623 1860 Primum
648 1833 753 1873 ergo
776 1817 977 1860 calefacit
999 1825 1042 1858 et
1067 1817 1223 1857 liberat
1245 1830 1269 1856 a
1291 1814 1567 1868 superfluita-

84 1885 202 1926 tibus
235 1886 405 1941 frigidis
444 1897 486 1930 et
521 1889 694 1943 grossis.
760 1889 820 1929 Et
865 1889 1028 1937 vinum,
1070 1894 1239 1940 quanto
1281 1884 1566 1926 rubicundius
1588 1900 1736 1927 aean-ine
1750 1900 1846 1927 makes

25 1968 63 2001 25
83 1960 128 1996 et
149 1956 329 2009 spissius
358 1965 485 1999 tanto
519 1960 659 2012 magis
690 1965 871 2012 generat
903 1958 1177 2010 sanguinem,
1200 1962 1265 1996 set
1297 1955 1478 2008 quando
1501 1961 1566 1995 est
1584 1934 1678 1962 ¹’¹⁰⁰d’

1 2012 3 2027 ¹
83 2025 194 2067 forte
237 2034 281 2068 et
322 2028 445 2070 fortis
487 2029 806 2077 amaritudinis,
839 2036 940 2069 tunc
982 2027 1141 2068 dicitur
1179 2026 1346 2079 primus
1388 2024 1566 2078 sanguis

83 2101 127 2136 et
161 2097 353 2149 primum
389 2099 719 2148 nutrimentum,
756 2106 798 2139 et
838 2098 971 2139 habet
1009 2103 1211 2137 naturam
1243 2095 1488 2158 potacionis
1522 2102 1565 2135 et

83 2165 311 2215 medicine,
329 2174 371 2207 et
389 2176 617 2222 sumptum
636 2169 711 2209 diu
727 2168 855 2209 valde
873 2174 1012 2208 nocet.
1079 2165 1272 2219 Quando
1286 2177 1390 2204 vero
1412 2165 1561 2204 vinum
1583 2175 1675 2200 sweet
1691 2174 1738 2200 red
1754 2173 1825 2199 wine

1582 2207 1604 2233 is
1619 2208 1750 2235 harmfnl.

80 2233 209 2287 hujus
223 2235 423 2289 generis4
442 2245 507 2279 est
522 2239 666 2289 dulce,
677 2244 804 2280 nocet
820 2237 1063 2287 stomacho,
1081 2242 1262 2289 generat
1276 2234 1564 2275 ventositates

149 1385 395 1439 Capitulum
418 1399 500 1441 ,αρν
523 1388 574 1428 dc
592 1387 832 1442 coguicione
853 1395 895 1428 el
908 1386 1140 1440 generibus
1163 1384 1266 1425 viui.

0 2341 1 2357 ¹
20 2361 61 2394 30
134 2337 146 2357 ¹
176 2347 215 2377 et
235 2347 477 2390 stagnorum.

134 2395 148 2414 ²
177 2393 339 2442 scilicet,
361 2404 522 2446 propter
541 2398 704 2446 longum
728 2404 893 2443 motum,
917 2394 1010 2445 quia
1033 2401 1163 2433 motus
1184 2391 1375 2431 calefacit.

82 2501 88 2506 .
135 2449 147 2468 ³
181 2448 341 2495 scilicet,
383 2452 527 2489 multas
566 2464 664 2501 quas
704 2451 863 2489 trahunt
903 2463 1038 2489 secum
1077 2456 1237 2499 propter
1275 2446 1563 2497 longitudinem

80 2510 239 2542 itineris.
1386 2516 1387 2519 ¹

135 2559 148 2578 ⁴
176 2557 337 2606 scilicet,
359 2560 469 2609 quod
486 2568 545 2598 est
566 2560 732 2599 rubeum
754 2567 792 2598 et
815 2560 1000 2610 spissum.

127 2669 164 2698 17
190 2659 344 2699 Chapter
360 2659 442 2691 lviii.
463 2660 498 2691 V.

124 2758 143 2787 5
168 2749 426 2790 scaturizantur]
445 2750 718 2781 scanturizantur
736 2751 798 2780 MS
