1908 3126
28 450 133 475 expose
149 441 169 467 ii
184 447 213 468 to
227 441 276 468 the

27 476 193 502 sax-ourable
207 475 247 502 in-

28 511 138 537 fluence
152 511 184 536 of
195 511 242 536 the

27 550 108 572 stars.

29 865 92 892 The
106 866 174 893 dose
190 872 218 892 to
232 867 265 892 be

27 900 122 927 taken.

1022 46 1104 86 104

318 156 393 191 aut
417 150 527 193 duas
552 152 737 206 dragme
760 152 815 192 de
834 152 1045 206 quolibet,
1063 159 1108 193 et
1126 152 1182 193 de
1199 164 1331 194 succo
1349 151 1474 192 nardi
1490 149 1504 174 ¹
1524 152 1706 205 dragme
1724 151 1810 206 .iij.‚

319 229 362 263 et
387 222 441 262 de
463 222 613 264 subtili
641 222 823 277 pulvere
849 222 942 263 auri
970 223 1154 276 dragme
1177 223 1253 264 .ix.
1314 221 1489 263 Deinde
1511 227 1700 276 ponatur
1725 221 1809 263 hoc

319 291 607 334 electuarium
641 298 785 333 totum
814 292 879 334 sic
911 293 1174 343 confectum,
1203 299 1249 333 ut
1278 293 1448 334 dictum
1478 298 1556 345 est,
1579 306 1678 350 cum
1712 306 1810 347 pre-

319 363 447 403 dictis
483 363 612 403 rebus
648 363 690 404 in
722 376 826 405 vase
864 377 998 404 aureo
1030 363 1338 418 subfumigato
1376 376 1475 411 cum
1514 363 1634 418 ligno
1674 363 1809 406 aloes.

322 433 497 474 Deinde
520 439 712 487 ponatur
733 433 814 473 sub
833 433 936 474 divo
959 433 1016 474 ad
1033 440 1314 485 serenum‚ut
1337 434 1612 475 descendant
1627 434 1811 476 'virtutes
1831 452 1849 486 5

318 502 570 556 spirituales
608 503 650 543 in
687 503 847 558 ipsum,
881 516 959 556 per
996 510 1098 545 octo
1133 503 1240 544 dies.
1304 503 1363 544 Et
1400 517 1490 544 non
1528 503 1812 558 permittatur

320 572 501 622 ibidem*
521 573 563 613 in
581 569 669 615 'illa
702 579 831 615 nocte
860 574 902 614 in
930 587 1018 627 qua
1048 573 1178 615 Luna
1204 573 1286 615 erit
1321 574 1554 629 malignior
1586 582 1629 616 et
1662 588 1812 617 carens

321 656 449 683 cursu
472 644 688 697 superiori
714 644 756 684 in
780 644 914 684 radiis
939 642 1059 685 suis.2

380 712 575 767 Quando
599 714 733 767 igitur
762 714 986 768 completa
1016 720 1082 755 est
1112 720 1156 755 et
1185 714 1317 768 juxta
1343 715 1459 756 hunc
1490 716 1675 757 modum
1704 729 1809 757 con-

320 791 557 834 summata,
593 784 675 825 erit
718 785 773 825 de
810 785 1029 826 thesauris
1073 784 1440 839 philosophorum
1478 785 1610 840 hujus
1646 786 1811 828 mundi.
1833 804 1874 826 12

320 853 492 908 Accipe
515 868 620 909 ergo
643 856 698 896 de
719 855 817 910 ipso
841 862 943 909 post
965 855 1114 896 chum
1138 855 1323 909 dragma
1348 855 1385 896 .i.
1411 862 1455 897 et
1477 856 1680 898 similiter
1707 863 1811 900 ante

282 927 286 930 ’
321 924 470 965 cibum
504 926 690 980 dragma
725 926 779 977 .i.,
807 926 911 979 quia
945 932 1010 967 est
1043 939 1218 967 summa
1250 927 1449 967 omnium
1483 927 1810 979 medicinalium
1844 929 1853 935 '

29 1085 91 1112 The
106 1085 211 1112 virtues
225 1086 257 1112 of

27 1119 84 1148 this
98 1119 248 1147 medicine.

206 1290 243 1321 81
265 1290 297 1324 b.

29 2387 121 2414 XVhen
138 2388 220 2414 Luna
233 2387 256 2414 is

31 2422 246 2450 unfavourable.

321 995 407 1049 (vel
432 993 771 1051 medicinarum)
789 1002 833 1037 et
856 995 952 1037 finis
979 995 1215 1050 cujuslibet
1239 996 1810 1058 medicinalis'intencionis:

321 1072 365 1105 et
407 1066 463 1106 ad
507 1065 752 1120 fugandum
798 1065 1110 1108 melancoliam
1150 1075 1193 1108 et
1231 1068 1422 1109 coleram
1457 1067 1729 1120 flammeam,
1767 1074 1812 1110 et

320 1135 512 1176 calorem
547 1149 715 1187 renum,
748 1143 792 1177 et
824 1136 1001 1192 flegma,
1024 1143 1068 1179 et
1101 1138 1157 1179 ad
1188 1139 1430 1192 fugandum
1464 1139 1811 1193 emoroydaS,et
1833 1151 1870 1184 15

320 1206 376 1247 ad
407 1206 710 1260 repellendum
739 1207 1031 1258 inflacionem,
1055 1216 1099 1250 et
1127 1209 1289 1250 salsam
1323 1209 1526 1260 coleram,
1550 1216 1593 1250 et
1621 1209 1679 1250 ad
1707 1209 1812 1251 diri-

320 1278 516 1330 gendum
541 1278 704 1327 cibum,
726 1283 769 1318 et
798 1276 803 1333 Ι
833 1279 887 1318 ad
919 1280 1258 1332 temperandum
1292 1278 1656 1334 complecciones‚
1679 1287 1723 1322 et
1753 1281 1811 1322 ad

321 1348 638 1389 subtiliandum
674 1348 908 1395 musculos.
942 1355 985 1389 et
1018 1350 1074 1389 ad
1107 1350 1428 1402 quiescendum
1471 1350 1692 1404 timpora3
1727 1350 1810 1405 (vel

320 1420 555 1474 tempora),
591 1425 634 1459 et
673 1418 728 1459 ad
767 1418 1014 1460 tollendum
1052 1420 1250 1462 dolorem
1292 1421 1460 1474 capitis,
1497 1428 1541 1463 et
1573 1422 1630 1463 ad
1667 1421 1811 1464 visum

320 1488 665 1539 clarificandum,
688 1495 733 1530 et
762 1490 817 1530 ad
851 1496 1123 1531 senectutem
1159 1491 1484 1542 retardandam,
1512 1499 1556 1534 et
1586 1493 1641 1533 ad
1672 1492 1811 1534 subti-
1832 1506 1874 1528 20

321 1558 518 1600 liandum
534 1572 700 1610 vocem,
716 1565 759 1600 et
783 1559 840 1600 ad
864 1558 1126 1614 effugandas
1148 1560 1441 1611 fumositates,
1457 1568 1501 1603 et
1523 1562 1812 1616 quiescendas

323 1642 479 1670 omnes
533 1629 758 1671 molestias
807 1635 851 1670 et
895 1630 1166 1684 egritudines
1209 1639 1474 1687 apparentes
1515 1640 1558 1674 et
1601 1633 1810 1676 occultas.

322 1698 486 1754 Aperit
502 1700 789 1753 opilaciones‚
804 1699 990 1755 expellit
1009 1702 1309 1756 ventositates,
1325 1711 1369 1744 et
1387 1717 1474 1744 non
1496 1704 1713 1757 permittit
1731 1705 1809 1746 ali-

323 1784 453 1823 quem
480 1769 626 1813 locum
654 1772 921 1825 apostemari
946 1785 1025 1814 nec
1047 1773 1359 1815 colleccionem
1389 1774 1625 1816 humorum
1654 1775 1808 1818 facere.

323 1840 382 1882 Et
408 1841 594 1896 impedit
617 1841 838 1883 naturales
862 1842 1142 1884 infirmitates
1165 1851 1209 1885 et
1230 1845 1490 1886 humectare
1511 1845 1616 1888 facit
1638 1859 1808 1900 corpus,
1831 1862 1869 1894 25

319 1919 365 1953 et
398 1913 501 1954 facit
535 1912 649 1954 bene
683 1913 859 1954 urinare
889 1921 932 1955 et
966 1913 1084 1957 tollit
1116 1916 1272 1957 tussim
1306 1922 1349 1956 et
1382 1915 1604 1959 confortat
1636 1917 1809 1970 spinam

321 1983 452 2033 dorsi,
472 1984 600 2038 juvat
623 1983 991 2036 respiracionem;
1030 1991 1072 2026 et
1095 1993 1277 2039 generat
1306 1986 1520 2041 gaudium
1550 1994 1593 2028 et
1616 1986 1810 2038 letificat,

321 2058 364 2093 et
389 2053 529 2094 multa
551 2053 637 2095 alia
659 2054 777 2095 bona
806 2054 910 2095 facit
944 2054 1030 2108 que
1059 2055 1241 2109 longum
1275 2063 1388 2098 esset
1423 2056 1666 2100 enunciare.
1730 2056 1809 2100 Set

322 2124 457 2165 habet
490 2125 726 2179 specialem
761 2126 1079 2179 proprietatem
1113 2128 1168 2167 ad
1195 2128 1501 2181 generandum
1535 2128 1808 2171 intellectum

321 2200 365 2235 et
413 2194 468 2234 ad
516 2194 799 2236 nutriendum
842 2197 1084 2238 cerebrum.
1179 2197 1218 2238 O
1262 2196 1535 2249 Alexander,
1573 2198 1673 2240 ideo
1719 2212 1808 2241 non
1828 2209 1870 2241 30

376 2315 401 2359 ¹„
417 2315 539 2362 aliter,
564 2317 614 2354 de
635 2317 720 2354 luto
741 2316 937 2366 smaragdi
958 2318 1121 2367 dragme
1142 2317 1208 2368 .iij.
1763 2366 1766 2369 ἢ

376 2371 389 2390 ²
422 2371 536 2409 Luna
557 2370 702 2409 dicitur
723 2370 931 2421 malignior
950 2374 1114 2422 quando
1144 2381 1202 2411 est
1225 2374 1263 2410 in
1292 2373 1533 2411 detrimento
1554 2386 1638 2420 suo,
1671 2382 1708 2413 et
1731 2374 1808 2413 hoc
1857 2404 1859 2406 -

320 2433 378 2463 est
410 2425 599 2475 precipue
631 2427 796 2476 quando
831 2434 889 2464 est
924 2426 963 2464 in
1003 2427 1261 2477 Capricorno,
1295 2428 1387 2477 quia
1419 2428 1564 2466 domus
1596 2429 1693 2478 ejus,
1730 2442 1808 2479 que

321 2479 465 2518 dicitur
504 2480 676 2518 maxima
716 2480 888 2531 dignitas
920 2482 1017 2531 ejus,
1054 2490 1113 2521 est
1153 2482 1334 2529 Cancer;
1364 2493 1402 2520 et
1442 2490 1538 2522 tunc
1578 2483 1618 2521 in
1654 2483 1806 2522 meliori

320 2534 602 2584 disposicione.
666 2537 717 2574 Et
748 2544 853 2574 caret
879 2550 995 2575 cursu
1031 2536 1223 2587 superiori
1262 2538 1427 2587 quando
1462 2545 1520 2576 est
1552 2536 1591 2575 in
1633 2537 1807 2577 inferiori
1827 2555 1865 2586 35

319 2597 430 2639 parte
457 2591 515 2627 sui
538 2589 705 2640 epicicli.
765 2592 882 2628 Tunc
912 2593 1137 2630 cavendum
1168 2600 1227 2630 est
1257 2592 1367 2642 quod
1399 2593 1472 2630 hec
1504 2591 1704 2631 medicina
1724 2605 1807 2632 non
1858 2632 1863 2637 ,

319 2652 491 2694 ponatur
509 2646 561 2683 ad
582 2657 714 2683 aerem
737 2644 776 2683 in
798 2645 916 2684 radiis
940 2647 1053 2685 Lune
1071 2661 1080 2694 3
1113 2654 1150 2685 et
1172 2648 1249 2685 ho'c
1272 2648 1353 2685 vult
1375 2646 1506 2686 dicere
1527 2646 1802 2698 philosophus.

374 2699 386 2719 ³
416 2698 455 2737 id
478 2707 547 2746 est,
570 2700 622 2738 ad
643 2699 819 2749 quietem
841 2708 1078 2750 temporum.
