1908 3126
778 83 858 126 145

136 199 275 246 Tune,
294 195 407 237 dixit
425 194 463 235 ei
481 193 677 247 Judeus:
707 190 826 246 Quid
846 190 879 231 si
899 187 1055 242 injuria
1073 185 1141 227 vel
1165 182 1331 225 offensa
1350 180 1427 221 fiat
1445 179 1556 220 tibi?
1577 183 1633 244 ffed
1646 182 1810 243 ggffssffiss

77 269 159 311 Cui
193 268 383 322 Magus:
434 263 537 306 Scio
574 261 695 317 quod
731 262 773 302 in
812 259 908 302 celo
950 263 1017 300 est
1056 256 1180 296 Deus
1214 252 1369 306 justus,
1402 250 1556 296 bonus,
1577 237 1684 278 revssard
1699 250 1735 277 all
1750 258 1823 276 men·

78 344 120 380 et
155 337 341 391 sapiens,
374 334 442 377 cui
475 333 607 375 nichil
639 338 705 373 est
737 330 971 377 occultum,
1003 323 1134 367 nichil
1167 328 1397 370 secretum,
1430 319 1559 361 nichil

78 408 251 463 penitus
285 405 472 447 celatum
514 404 570 444 de
607 402 692 443 hiis
728 414 815 455 que
850 400 989 440 latent
1027 397 1070 437 in
1107 395 1196 437 suis
1227 392 1451 439 creaturis,
1483 391 1558 443 qui

39 494 57 528 5
79 483 326 519 remunerat
377 476 518 516 bonos
567 472 700 526 juxta
748 470 972 511 bonitates
1020 479 1131 515 suaS,
1179 463 1317 505 malos
1360 475 1466 508 ,vero
1517 467 1559 500 et

78 556 422 603 transgressores
446 543 571 598 punit
589 542 722 596 juxta
744 537 1115 593 transgressiones
1137 548 1246 575 suas.

138 618 219 660 Cui
241 618 406 671 Judeus
425 631 432 656 ε
466 613 616 667 Quare
638 625 742 666 ergo
765 624 852 652 non
876 621 1023 650 servas
1050 606 1195 660 legem
1217 609 1354 652 tuam,
1376 609 1424 642 ut
1456 601 1561 655 quid
1580 607 1809 655 ⁴Thejewsaid:

80 703 167 730 non
186 687 434 736 ,confirmas
466 684 673 737 operibus
705 682 790 722 tuis
822 679 956 720 fidem
978 680 1134 719 tuam?
1198 674 1358 728 Magus
1382 670 1558 725 inquid:
1579 643 1796 715 ιτξῖἓῗνὲῗηζοέ

81 758 322 814 Quomodo
345 756 420 796 fiet
441 755 556 795 hoc?
612 752 694 794 Cui
713 750 904 804 Judeus:
941 747 1056 788 Ecce
1078 758 1162 798 ego
1185 757 1282 785 sum
1301 743 1356 784 de
1379 741 1478 783 filiis
1499 741 1561 782 tui
1579 710 1815 778 rvssggrsffifflam

41 850 62 872 0
80 828 264 885 generis,
283 833 326 868 et
344 833 392 867 tu
409 825 531 866 vides
550 837 619 864 me
635 820 864 864 ambulare
882 819 1019 873 pedes
1041 815 1275 870 fatigatum
1299 811 1562 860 famelicum,

81 907 124 942 et
157 906 205 941 tu
238 911 283 939 es
315 910 447 950 eques
480 899 700 935 saturatus
730 898 772 932 et
805 890 992 944 quietus,
1057 885 1139 927 Cui
1164 884 1352 938 Magus:
1386 881 1563 923 Veritas

81 976 146 1010 est
168 969 274 1009 hec:
308 975 351 1008 et
378 966 649 1007 descendens
675 963 730 1004 de
758 960 875 1001 mula
904 957 1076 1013 aperuit
1103 954 1341 997 manticam
1364 965 1499 999 suam,
1522 958 1565 992 et

83 1039 243 1082 cibavit
257 1051 355 1079 eum
374 1051 424 1078 ac
440 1035 622 1091 potavit,
638 1031 797 1073 deinde
813 1029 915 1071 fecit
931 1040 1032 1069 eum
1048 1025 1244 1079 equitare
1259 1023 1566 1076 equitaturam.

142 1110 387 1161 Postquam
409 1120 512 1147 vero
535 1104 700 1158 Judeus
732 1101 842 1142 bene
874 1097 1066 1139 firmavit
1098 1109 1144 1136 se
1176 1095 1219 1134 in
1249 1092 1502 1147 equitando,
1525 1097 1568 1133 et
1587 1100 1740 1126 Whenthe
1760 1100 1816 1126 lew

1587 1135 1722 1160 mounted
1737 1128 1771 1159 he
1787 1134 1854 1159 rode

26 1197 62 1230 15
79 1180 278 1235 junxerit
321 1175 505 1219 calcaria
554 1171 815 1218 festinando,
852 1165 1141 1220 relinquendo
1179 1164 1378 1218 Magum.
1441 1162 1567 1203 Tunc
1586 1169 1633 1227 gfff,
1647 1168 1759 1206 leaying
1773 1167 1821 1193 the

84 1251 201 1305 cepit
222 1247 460 1290 vociferare
489 1251 532 1286 et
563 1244 708 1285 dicere
730 1258 737 1282 :
773 1240 982 1293 Expecta
1005 1250 1086 1284 me,
1110 1234 1213 1288 quia
1236 1233 1443 1273 confusus
1470 1245 1565 1272 sum
1585 1211 1717 1263 ἕεῖἕτῗῃ
1733 1203 1780 1228 me

82 1320 222 1362 valde.
285 1318 452 1371 Judeus
487 1329 593 1357 vero
626 1310 841 1367 dixcebat:
887 1308 1061 1348 Nonne-
1082 1303 1272 1346 indicavi
1308 1303 1389 1344 tibi
1422 1302 1567 1355 legem
1590 1313 1649 1335 110
1667 1316 1696 1336 a.

84 1404 228 1432 meam
251 1395 295 1430 et
317 1387 410 1441 ejus
432 1384 756 1432 condicionem,
778 1386 823 1421 et
845 1391 928 1432 ego
950 1375 1052 1419 volo
1085 1374 1279 1416 similiter
1308 1372 1570 1414 confirmare

85 1474 182 1502 earn
197 1458 228 1501 ¹.
291 1458 416 1498 Tunc
446 1453 681 1496 festinabat
709 1451 878 1504 Judeus
912 1446 1089 1494 mulam,
1121 1451 1164 1485 et
1196 1444 1356 1497 Magus
1388 1454 1572 1494 sequens

26 1546 67 1568 20
85 1529 272 1584 vestigia
305 1527 399 1582 ejus
431 1524 610 1579 inquid:
643 1522 683 1564 O
705 1521 860 1574 Judee‚
887 1517 975 1558 noli
1000 1529 1070 1557 me
1092 1514 1396 1566 derelinquere
1418 1511 1461 1552 in
1488 1510 1571 1551 hoc

87 1602 263 1644 deserto
289 1613 344 1640 ne
375 1596 489 1638 forte
522 1591 758 1635 interficiar
780 1604 806 1631 a
824 1587 1038 1635 leonibus,
1062 1592 1107 1627 et
1137 1583 1298 1625 moriar
1324 1581 1435 1622 male
1457 1580 1572 1621 fame

89 1679 132 1714 et
154 1670 357 1713 dolorosa
378 1668 462 1709 siti.
527 1664 630 1718 Age
661 1675 767 1715 ergo
796 1656 1137 1701 misericorditer
1159 1666 1331 1695 mecum
1355 1652 1467 1692 sicut
1490 1663 1573 1703 ego

86 1749 247 1785 tecum.
308 1738 475 1793 Judeus
505 1746 610 1776 vero
641 1745 730 1773 non
764 1727 1025 1784 respiciebat
1058 1731 1173 1766 retro
1204 1735 1284 1764 nec
1316 1719 1573 1762 intendebat

89 1812 218 1855 dictis
240 1811 342 1857 suis,
365 1820 445 1848 nec
467 1803 654 1847 cessavit
677 1801 819 1842 donec
844 1797 972 1840 latuit
993 1796 1137 1837 visum
1160 1792 1267 1845 ejus.

31 1894 68 1927 ²5
150 1880 343 1936 Quando
379 1890 484 1930 ergo
529 1875 691 1927 Magus
733 1870 992 1923 desperatus
1035 1864 1116 1905 fuit
1157 1864 1212 1904 de
1253 1874 1472 1909 succursu,
1513 1873 1573 1899 re·
1592 1868 1654 1894 The
1669 1868 1756 1900 Mage
1769 1866 1861 1893 called

91 1953 299 1995 cordatus
322 1954 389 1991 est
411 1942 696 2001 perfeccionis
718 1953 795 1981 sue
825 1938 933 1991 legis
956 1943 1002 1978 et
1023 1934 1126 1975 fidei
1149 1946 1240 1983 sue,
1264 1937 1307 1971 et
1336 1930 1429 1984 ejus
1453 1929 1573 1982 quod
1590 1901 1834 1969 ffffgssffi'iffige:

91 2023 266 2064 dixerat
290 2019 447 2073 Judeo,
468 2013 675 2056 videlicet
696 2009 816 2063 quod
841 2008 885 2048 in
909 2005 1005 2048 celo
1027 2011 1093 2045 est
1116 2003 1238 2043 Deus
1256 2001 1401 2054 justus
1418 1998 1573 2052 judex,

90 2093 159 2135 cui
181 2090 312 2134 nichil
333 2095 400 2131 est
432 2084 669 2130 occultum,
692 2086 737 2122 et
769 2076 899 2120 nichil
934 2081 1152 2117 secretum
1183 2072 1226 2112 in
1255 2070 1462 2112 creaturis
1485 2069 1574 2110 suis

92 2164 210 2205 latet.
273 2158 481 2212 Dirigens
518 2167 623 2207 ergo
659 2149 802 2203 capud
841 2160 968 2189 suum
1003 2145 1058 2186 ad
1093 2143 1235 2185 celum
1270 2140 1412 2182 dixit:
1451 2139 1574 2179 Deus

29 2249 71 2280 30
93 2246 230 2282 meuS‚
253 2238 300 2272 tu
332 2227 447 2271 nosti
478 2224 580 2280 quia
611 2220 773 2263 credidi
806 2218 849 2259 in
881 2224 939 2267 te,
966 2216 1010 2257 in
1041 2220 1118 2255 tua
1147 2212 1257 2266 lege,
1278 2211 1322 2251 in
1343 2210 1430 2251 tuis
1453 2221 1574 2249 man-

91 2304 220 2352 datis,
243 2296 514 2343 sanctificavi
544 2300 589 2335 te
619 2292 731 2333 sicut
757 2285 1057 2345 perpendisti:
1091 2282 1303 2325 confirma
1326 2293 1432 2333 ergo
1455 2279 1574 2333 apud
1592 2278 1819 2346 {figggffffize
1834 2318 1862 2339 to

91 2373 284 2428 Judeurn
305 2369 485 2411 laudern
505 2376 650 2406 meam
669 2362 712 2402 in
729 2367 788 2401 te.
854 2357 955 2398 Hiis
978 2354 1118 2404 dictis,
1140 2365 1228 2394 non
1253 2350 1441 2392 multum
1465 2350 1575 2390 ierat
1593 2347 1746 2381 thisJew.’

94 2444 267 2497 MaguS‚
296 2446 339 2481 et
365 2450 467 2479 ecce
499 2432 664 2476 invenit
685 2430 877 2484 Judeum
909 2429 1176 2481 prostratum
1204 2427 1248 2462 et
1271 2419 1491 2473 dejectum
1521 2418 1576 2459 de
1595 2426 1670 2453 Soon
1684 2425 1719 2452 he
1733 2426 1821 2452 found

1594 2460 1643 2486 the
1656 2460 1718 2493 Jew
1733 2459 1760 2487 in
1774 2459 1827 2487 evil

1594 2503 1668 2521 case.

145 2594 157 2643 ἓ
187 2592 326 2643 ipsam.

142 2733 181 2763 16
205 2726 386 2767 confusus]
403 2725 516 2756 fessus
538 2723 576 2755 V.

162 2799 225 2821 1590
818 2783 847 2813 Ι,
