1908 3126
10 919 48 941 10

9 1611 48 1633 20

9 1959 47 1991 25

8 2305 50 2337 30

769 95 847 138 135

1567 158 1682 184 musical
1698 164 1786 190 (ones.

68 203 127 243 Et
148 211 197 255 .5.
217 206 317 242 sunt
334 199 425 241 toni
445 197 675 240 musicales
703 197 709 253 Ι
736 197 811 252 qui
830 197 864 238 si
883 211 969 238 non
987 203 1133 239 essent
1156 209 1245 238 non
1269 194 1549 250 perficeretur
1570 213 1626 234 102
1645 215 1674 236 a.

67 270 224 324 aliquis
253 281 406 311 cantus
429 276 473 310 et
497 281 672 309 sonans.
738 267 798 309 Et
826 268 1020 322 quinque
1043 274 1142 308 sunt
1172 266 1266 308 dies
1295 265 1462 306 nobiles
1492 265 1547 306 de
1565 269 1813 336 gg‘gtrdaysinthe

68 340 278 382 universis
310 339 465 380 diebus
497 338 612 387 anni,
646 337 688 378 in
723 337 876 378 ultima
911 344 1035 391 parte
1068 336 1188 377 Maii.
1255 335 1315 376 Et
1350 335 1545 388 quinque
1565 358 1816 391 port-wsthesea‘

66 414 167 448 sunt
190 412 315 461 porte
343 405 488 447 maris.

129 536 376 592 Capz'tulmn
400 550 560 578 nonum
583 536 634 576 de
655 536 920 577 consiliariis
942 536 1060 589 regis
1080 541 1121 575 ct
1142 534 1194 575 de
1216 533 1340 575 modo
1361 532 1543 575 consilii.

155 624 224 664 Int
248 637 353 678 ergo
376 622 512 677 bajuli
537 623 599 663 tui
621 631 672 674 .5.
699 629 742 664 et
772 622 1004 664 consiliarii
1035 622 1098 663 tui
1127 621 1324 676 quinque
1356 620 1399 662 in
1427 634 1548 662 com·
1569 629 1653 656 Have
1667 631 1734 656 then
1750 640 1763 662 5

1566 664 1772 690 chamberlains

152 693 440 746 prehensione
491 706 674 747 operum
726 699 917 743 tuorum,
961 698 1004 733 et
1057 692 1245 746 quilibet
1297 705 1447 732 eorum
1492 691 1547 731 sit
1564 699 1622 759 ¹23}
1639 708 1651 730 s
1666 699 1793 725 counsel-

67 769 309 815 separatus,
332 762 435 816 quia
457 769 562 802 tunc
585 760 734 803 utilior
756 768 822 803 est
845 762 932 803 tuis
957 762 1176 816 operibus.
1225 762 1421 802 Reserva
1443 774 1547 814 ergo
1623 752 1630 759 ’

67 838 191 872 tuum
214 838 443 881 secretum,
459 837 502 872 et
520 844 576 871 ne
593 830 774 884 incipias
793 831 853 871 eis
876 831 1019 873 dicere
1041 831 1161 885 quod
1180 831 1318 872 habes
1342 830 1384 870 in
1402 830 1547 878 corde,

67 908 109 942 et
133 913 220 941 non
244 901 452 942 ostendas
475 900 604 941 alicui
628 914 779 941 eorum
803 900 1069 942 eleccionem
1092 900 1260 941 consilii
1283 900 1402 953 quod
1427 899 1545 953 apud
1568 909 1665 969 Lgstgn
1681 916 1708 935 to
1723 910 1795 936 their

66 978 110 1011 te
132 976 211 1022 est,
235 977 279 1011 et
309 983 396 1011 non
425 970 570 1012 indica
600 969 661 1010 eis
688 971 807 1024 quod
830 970 937 1011 velis
960 971 1018 1011 ab
1047 971 1110 1011 eis
1141 969 1390 1011 mendicare
1405 966 1419 990 ¹
1444 981 1549 1009 con-
1566 952 1582 969 a
1606 952 1675 974 ηδ’

67 1039 211 1080 silium
241 1040 346 1093 quia
375 1047 480 1080 tunc
512 1045 880 1093 contempnerent
902 1047 961 1092 te,
983 1053 1060 1082 nec
1083 1040 1145 1080 eis
1167 1038 1397 1081 consilium
1421 1044 1547 1078 tuum

66 1110 244 1150 indicas.
296 1110 490 1164 Tempta
510 1123 616 1163 ergo
639 1109 681 1150 in
705 1110 853 1151 anima
876 1116 952 1150 tua
975 1122 1126 1150 eorum
1149 1108 1413 1157 voluntates,
1435 1107 1548 1148 sicut
1567 1111 1657 1143 *veigh
1673 1111 1702 1143 it,

66 1178 169 1219 facit
191 1179 444 1220 cerebrum2
460 1194 517 1220 ex
540 1179 624 1220 hiis
647 1192 735 1233 quo
759 1179 1023 1233 proveniunt
1041 1179 1078 1220 ei
1102 1192 1160 1220 ex
1178 1177 1394 1226 sensibus,
1409 1183 1453 1217 et
1471 1177 1547 1217 de·
1566 1191 1622 1229 anti
1637 1190 1674 1216 do
1688 1191 1761 1217 what
1776 1199 1834 1224 you

67 1247 181 1290 clina
195 1249 252 1290 ab
267 1262 417 1290 eorum
433 1248 625 1290 consiliis
641 1249 683 1289 in
698 1262 750 1289 eo
765 1248 886 1302 quod
900 1248 1221 1290 contrariantur
1230 1246 1449 1288 voluntati
1463 1253 1548 1287 tue.
1566 1224 1648 1250 ΗΜ(
1663 1224 1732 1251 be*

126 1317 186 1358 Et
219 1325 401 1372 propter
431 1318 516 1360 hoc
552 1318 667 1359 dixit
707 1318 897 1359 Hermes
928 1319 1106 1374 quando
1139 1316 1218 1357 fuit
1256 1317 1550 1369 interrogatus
1570 1331 1809 1371 He1⁴mqs=adviee

67 1400 201 1440 quare
226 1387 441 1441 judicium
477 1387 571 1442 ejus
605 1388 681 1442 qui
715 1389 793 1429 dat
830 1387 1062 1429 consilium
1099 1386 1254 1427 melius
1286 1392 1351 1426 est
1381 1384 1549 1439 judicio
1566 1366 1812 1426 22¹1.³⁵k¹¹¹g⁰⁰¹¹⁰'

68 1458 291 1509 querentis
305 1456 551 1511 consilium,
566 1458 795 1512 respondit
812 1473 820 1498 :
847 1456 1074 1511 Quoniam
1090 1456 1307 1510 judicium
1325 1454 1550 1508 querentis

68 1527 290 1578 querentis
318 1527 552 1568 consilium
582 1526 866 1581 exploratum
890 1533 958 1569 est
983 1541 1009 1568 a
1031 1525 1293 1567 voluntate.³²
1356 1524 1416 1564 Et
1439 1523 1522 1564 hoc
1543 1522 1547 1578 Ι

68 1596 250 1637 verbum
274 1603 340 1637 est
361 1610 526 1638 verum.
589 1596 782 1651 Quando
805 1610 909 1651 ergo
933 1608 1177 1650 congregas
1199 1608 1276 1636 eos
1298 1607 1378 1648 pro
1400 1593 1549 1647 aliquo
1572 1606 1629 1627 102
1651 1598 1671 1627 b

69 1664 248 1706 consilio
271 1667 419 1707 dando
450 1666 492 1707 in
518 1672 596 1707 tua
625 1666 864 1720 presencia,
892 1679 980 1707 non
1014 1665 1261 1706 immisceas
1292 1663 1411 1704 aliud
1445 1676 1549 1703 con-

68 1734 208 1775 silium
245 1748 345 1776 cum
379 1735 453 1785 eis,
486 1736 642 1776 audias
678 1749 783 1789 ergo
818 1735 860 1776 in
893 1749 981 1789 quo
1014 1735 1292 1776 conveniunt.
1358 1732 1405 1774 Si
1444 1746 1549 1787 ergo
1567 1729 1810 1789 ssffiffllffggggs

67 1804 324 1846 festinanter
346 1805 613 1859 respondent
636 1812 679 1846 et
702 1805 974 1847 concordant
997 1805 1096 1854 cito,
1121 1803 1275 1845 resiste
1297 1803 1358 1844 eis
1378 1809 1483 1843 tunc
1506 1802 1548 1842 in
1568 1803 1615 1824 ‘⁰0
1631 1797 1742 1829 hamb*

68 1873 151 1914 hoc
168 1881 211 1915 et
229 1876 414 1916 ostende
432 1875 493 1916 eis
511 1875 776 1916 contrarium
795 1883 842 1916 ut
859 1874 1149 1929 prolongetur
1163 1886 1313 1915 eorum
1332 1871 1549 1926 cogitacio

68 1952 111 1984 et
134 1944 411 1985 retardentur
432 1946 488 1985 ad
512 1944 717 1986 ultimum
744 1945 989 1999 cogitantes
1011 1944 1103 1985 sive
1121 1943 1162 1983 in
1185 1940 1397 1982 consilio⁴
1412 1940 1550 1981 medi-

68 2019 215 2054 tantes
257 2014 398 2055 donec
442 2028 520 2068 per
562 2015 748 2056 multam
793 2014 1137 2056 meditacionem
1180 2011 1440 2065 perveniant
1492 2011 1547 2050 ad

68 2081 274 2123 ultimum
304 2090 349 2125 et
375 2083 507 2124 finem
535 2084 718 2126 consilii.

127 2151 318 2206 Quando
353 2167 460 2207 ergo
497 2154 743 2209 perceperis
776 2153 1085 2195 rectitudinem
1124 2150 1291 2193 consilii
1328 2149 1371 2190 in
1403 2148 1547 2190 verbis
1564 2162 1619 2229 Ξῖ
1622 2162 1732 2229 §1150523
1741 2162 1815 2222 {3³5¹ss

68 2234 232 2271 eorum,
255 2223 323 2263 vel
348 2223 390 2263 in
411 2225 555 2265 verbis
578 2223 763 2278 alicujus
785 2237 951 2271 eorum,
975 2222 1043 2263 fac
1066 2234 1141 2262 eos
1163 2219 1480 2273 conquiescere,
1503 2224 1547 2259 et
1565 2230 1662 2257 cision.

68 2303 153 2332 non
177 2292 429 2334 manifestes
453 2293 514 2335 eis
531 2294 601 2335 vel
625 2294 832 2335 ostendas
856 2294 896 2334 in
921 2306 1008 2346 quo
1026 2292 1228 2332 voluntas
1250 2297 1328 2331 tua
1349 2289 1546 2343 quiescat

123 2383 133 2401 ¹
164 2385 236 2430 vel,
260 2387 481 2424 vendicare.
732 2384 744 2404 ²
774 2384 815 2424 id
836 2392 906 2431 est,
924 2384 1057 2422 anima
1078 2394 1156 2432 que
1177 2389 1236 2420 est
1256 2382 1295 2419 in
1317 2381 1491 2420 cerebro.

121 2439 138 2515 Ξ
163 2438 324 2486 scilicet,
348 2439 550 2490 querentis
571 2448 608 2479 et
629 2439 897 2479 examinatum
920 2446 958 2476 et
978 2436 1253 2476 deliberatum.

167 2494 357 2533 adunato.

97 2599 133 2638 ’5
157 2589 309 2629 Chapter
325 2590 414 2621 xcvi.
436 2589 472 2620 V.

12 2683 22 2693 ·
72 2653 153 2712 Πψῐξι,
177 2672 337 2713 Tempta]
359 2678 514 2713 tempera
536 2671 567 2701 V
701 2682 736 2711 17
763 2670 896 2711 melius]
918 2669 1030 2700 minus
1049 2668 1122 2700 MS.
1254 2677 1293 2708 19
1317 2667 1546 2709 exploratum]

7 2727 9 2729 ’
50 2736 52 2738 v
67 2718 84 2746 ⁴?
98 2716 286 2756 expolitum
