<?xml version="1.0" encoding="UTF-8"?>
<!DOCTYPE html PUBLIC "-//W3C//DTD XHTML 1.0 Transitional//EN"
    "http://www.w3.org/TR/xhtml1/DTD/xhtml1-transitional.dtd">
<html xmlns="http://www.w3.org/1999/xhtml" xml:lang="en" lang="en">
 <head>
  <title>
</title>
<meta http-equiv="Content-Type" content="text/html;charset=utf-8" />
  <meta name='ocr-system' content='tesseract 3.04.00' />
  <meta name='ocr-capabilities' content='ocr_page ocr_carea ocr_par ocr_line ocrx_word'/>
</head>
<body>
  <div class='ocr_page' id='page_1' title='image "./operahactenusine05baco_0194.png"; bbox 0 0 1908 3126; ppageno 0'>
   <div class='ocr_carea' id='block_1_1' title="bbox 17 172 290 242">
    <p class='ocr_par' dir='ltr' id='par_1_1' title="bbox 17 172 290 242">
     <span class='ocr_line' id='line_1_1' title="bbox 18 172 290 206; baseline -0.004 -6"><span class='ocrx_word' id='word_1_1' title='bbox 18 173 219 206; x_wconf 73' lang='lat' dir='ltr'><strong>Philosophers</strong></span> <span class='ocrx_word' id='word_1_2' title='bbox 232 172 290 199; x_wconf 75' lang='lat' dir='ltr'><strong>and</strong></span> 
     </span>
     <span class='ocr_line' id='line_1_2' title="bbox 17 207 189 242; baseline -0.012 -7"><span class='ocrx_word' id='word_1_3' title='bbox 17 207 189 242; x_wconf 71' lang='lat' dir='ltr'><strong>physicians.</strong></span> 
     </span>
    </p>
   </div>
   <div class='ocr_carea' id='block_1_2' title="bbox 18 373 275 442">
    <p class='ocr_par' dir='ltr' id='par_1_2' title="bbox 18 373 275 442">
     <span class='ocr_line' id='line_1_3' title="bbox 18 373 275 406; baseline -0.004 -6"><span class='ocrx_word' id='word_1_4' title='bbox 18 374 117 400; x_wconf 86' lang='lat' dir='ltr'><strong>Plants</strong></span> <span class='ocrx_word' id='word_1_5' title='bbox 130 373 275 406; x_wconf 83' lang='lat' dir='ltr'><strong>goverued</strong></span> 
     </span>
     <span class='ocr_line' id='line_1_4' title="bbox 19 408 187 442; baseline -0.012 -7"><span class='ocrx_word' id='word_1_6' title='bbox 19 409 57 442; x_wconf 83' lang='lat' dir='ltr'><strong>by</strong></span> <span class='ocrx_word' id='word_1_7' title='bbox 71 408 187 439; x_wconf 82' lang='lat' dir='ltr'><strong>Saturn,</strong></span> 
     </span>
    </p>
   </div>
   <div class='ocr_carea' id='block_1_3' title="bbox 19 519 216 552">
    <p class='ocr_par' dir='ltr' id='par_1_3' title="bbox 19 519 216 552">
     <span class='ocr_line' id='line_1_5' title="bbox 19 519 216 552; baseline -0.005 -7"><span class='ocrx_word' id='word_1_8' title='bbox 19 520 56 552; x_wconf 87' lang='lat' dir='ltr'><strong>by</strong></span> <span class='ocrx_word' id='word_1_9' title='bbox 72 519 216 551; x_wconf 72' lang='lat' dir='ltr'><strong>Mercury,</strong></span> 
     </span>
    </p>
   </div>
   <div class='ocr_carea' id='block_1_4' title="bbox 21 648 162 681">
    <p class='ocr_par' dir='ltr' id='par_1_4' title="bbox 21 648 162 681">
     <span class='ocr_line' id='line_1_6' title="bbox 21 648 162 681; baseline 0 -8"><span class='ocrx_word' id='word_1_10' title='bbox 21 649 58 681; x_wconf 81' lang='lat' dir='ltr'><strong>by</strong></span> <span class='ocrx_word' id='word_1_11' title='bbox 74 648 162 679; x_wconf 71' lang='lat' dir='ltr'><strong>Mars,</strong></span> 
     </span>
    </p>
   </div>
   <div class='ocr_carea' id='block_1_5' title="bbox 22 740 293 841">
    <p class='ocr_par' dir='ltr' id='par_1_5' title="bbox 22 740 293 841">
     <span class='ocr_line' id='line_1_7' title="bbox 22 740 205 774; baseline -0.016 -7"><span class='ocrx_word' id='word_1_12' title='bbox 22 742 59 774; x_wconf 87' lang='lat' dir='ltr'><strong>by</strong></span> <span class='ocrx_word' id='word_1_13' title='bbox 74 740 121 767; x_wconf 82' lang='lat' dir='ltr'><strong>the</strong></span> <span class='ocrx_word' id='word_1_14' title='bbox 135 740 205 767; x_wconf 85' lang='lat' dir='ltr'><strong>Sun.</strong></span> 
     </span>
     <span class='ocr_line' id='line_1_8' title="bbox 202 800 293 841; baseline 0 -11"><span class='ocrx_word' id='word_1_15' title='bbox 202 810 240 841; x_wconf 88' lang='lat'><strong>91</strong></span> <span class='ocrx_word' id='word_1_16' title='bbox 262 800 293 831; x_wconf 93' lang='lat' dir='ltr'><strong>b.</strong></span> 
     </span>
    </p>
   </div>
   <div class='ocr_carea' id='block_1_6' title="bbox 21 875 255 976">
    <p class='ocr_par' dir='ltr' id='par_1_6' title="bbox 21 875 255 976">
     <span class='ocr_line' id='line_1_9' title="bbox 21 875 227 900; baseline -0.015 0"><span class='ocrx_word' id='word_1_17' title='bbox 21 875 92 900; x_wconf 89' lang='lat' dir='ltr'><strong>Two</strong></span> <span class='ocrx_word' id='word_1_18' title='bbox 106 882 137 899; x_wconf 86' lang='lat' dir='ltr'><strong>or</strong></span> <span class='ocrx_word' id='word_1_19' title='bbox 151 881 227 898; x_wconf 86' lang='lat' dir='ltr'><strong>more</strong></span> 
     </span>
     <span class='ocr_line' id='line_1_10' title="bbox 22 909 255 942; baseline -0.017 -7"><span class='ocrx_word' id='word_1_20' title='bbox 22 909 134 942; x_wconf 80' lang='lat' dir='ltr'><strong>planets</strong></span> <span class='ocrx_word' id='word_1_21' title='bbox 148 915 255 940; x_wconf 78' lang='lat' dir='ltr'><strong>govern</strong></span> 
     </span>
     <span class='ocr_line' id='line_1_11' title="bbox 22 943 143 976; baseline -0.008 -7"><span class='ocrx_word' id='word_1_22' title='bbox 22 953 38 969; x_wconf 85' lang='lat' dir='ltr'><strong>a</strong></span> <span class='ocrx_word' id='word_1_23' title='bbox 54 943 143 976; x_wconf 81' lang='lat' dir='ltr'><strong>plant.</strong></span> 
     </span>
    </p>
   </div>
   <div class='ocr_carea' id='block_1_7' title="bbox 23 1082 271 1150">
    <p class='ocr_par' dir='ltr' id='par_1_7' title="bbox 23 1082 271 1150">
     <span class='ocr_line' id='line_1_12' title="bbox 26 1082 271 1115; baseline -0.012 -6"><span class='ocrx_word' id='word_1_24' title='bbox 26 1083 101 1109; x_wconf 86' lang='lat' dir='ltr'><strong>How</strong></span> <span class='ocrx_word' id='word_1_25' title='bbox 116 1082 211 1115; x_wconf 82' lang='lat' dir='ltr'><strong>plants</strong></span> <span class='ocrx_word' id='word_1_26' title='bbox 224 1090 271 1107; x_wconf 81' lang='lat' dir='ltr'><strong>are</strong></span> 
     </span>
     <span class='ocr_line' id='line_1_13' title="bbox 23 1116 211 1150; baseline -0.005 -7"><span class='ocrx_word' id='word_1_27' title='bbox 23 1116 211 1150; x_wconf 80' lang='lat' dir='ltr'><strong>propagated.</strong></span> 
     </span>
    </p>
   </div>
   <div class='ocr_carea' id='block_1_8' title="bbox 25 1221 298 1358">
    <p class='ocr_par' dir='ltr' id='par_1_8' title="bbox 25 1221 298 1358">
     <span class='ocr_line' id='line_1_14' title="bbox 27 1221 235 1248; baseline -0.01 0"><span class='ocrx_word' id='word_1_28' title='bbox 27 1222 107 1248; x_wconf 83' lang='lat' dir='ltr'><strong>Eacb</strong></span> <span class='ocrx_word' id='word_1_29' title='bbox 120 1221 190 1248; x_wconf 82' lang='lat' dir='ltr'>kind</span> <span class='ocrx_word' id='word_1_30' title='bbox 204 1221 235 1247; x_wconf 80' lang='lat' dir='ltr'><strong>os</strong></span> 
     </span>
     <span class='ocr_line' id='line_1_15' title="bbox 25 1255 298 1290; baseline -0.015 -7"><span class='ocrx_word' id='word_1_31' title='bbox 25 1257 105 1290; x_wconf 83' lang='lat' dir='ltr'><strong>plant</strong></span> <span class='ocrx_word' id='word_1_32' title='bbox 119 1257 170 1282; x_wconf 87' lang='lat' dir='ltr'><strong>has</strong></span> <span class='ocrx_word' id='word_1_33' title='bbox 185 1255 220 1282; x_wconf 84' lang='lat' dir='ltr'><strong>its</strong></span> <span class='ocrx_word' id='word_1_34' title='bbox 234 1263 298 1281; x_wconf 78' lang='lat' dir='ltr'><strong>own</strong></span> 
     </span>
     <span class='ocr_line' id='line_1_16' title="bbox 25 1289 281 1324; baseline -0.012 -7"><span class='ocrx_word' id='word_1_35' title='bbox 25 1290 196 1324; x_wconf 85' lang='lat' dir='ltr'><strong>disposition</strong></span> <span class='ocrx_word' id='word_1_36' title='bbox 210 1289 281 1315; x_wconf 82' lang='lat' dir='ltr'><strong>from</strong></span> 
     </span>
     <span class='ocr_line' id='line_1_17' title="bbox 26 1326 182 1358; baseline -0.006 -6"><span class='ocrx_word' id='word_1_37' title='bbox 26 1326 61 1352; x_wconf 88' lang='lat' dir='ltr'><strong>its</strong></span> <span class='ocrx_word' id='word_1_38' title='bbox 75 1326 182 1358; x_wconf 77' lang='lat' dir='ltr'>planet,</span> 
     </span>
    </p>
   </div>
   <div class='ocr_carea' id='block_1_9' title="bbox 29 1562 302 1699">
    <p class='ocr_par' dir='ltr' id='par_1_9' title="bbox 29 1562 302 1699">
     <span class='ocr_line' id='line_1_18' title="bbox 29 1562 302 1595; baseline -0.004 -7"><span class='ocrx_word' id='word_1_39' title='bbox 29 1563 84 1588; x_wconf 77' lang='lat' dir='ltr'><strong>:md</strong></span> <span class='ocrx_word' id='word_1_40' title='bbox 100 1562 135 1588; x_wconf 84' lang='lat' dir='ltr'><strong>its</strong></span> <span class='ocrx_word' id='word_1_41' title='bbox 145 1562 302 1595; x_wconf 76' lang='lat' dir='ltr'><strong>properties</strong></span> 
     </span>
     <span class='ocr_line' id='line_1_19' title="bbox 29 1596 290 1629; baseline -0.004 -6"><span class='ocrx_word' id='word_1_42' title='bbox 29 1606 76 1623; x_wconf 82' lang='lat' dir='ltr'><strong>are</strong></span> <span class='ocrx_word' id='word_1_43' title='bbox 90 1596 237 1623; x_wconf 85' lang='lat' dir='ltr'><strong>enhanced</strong></span> <span class='ocrx_word' id='word_1_44' title='bbox 252 1596 290 1629; x_wconf 86' lang='lat' dir='ltr'><strong>by</strong></span> 
     </span>
     <span class='ocr_line' id='line_1_20' title="bbox 30 1630 214 1657; baseline -0.005 0"><span class='ocrx_word' id='word_1_45' title='bbox 30 1631 111 1657; x_wconf 82' lang='lat' dir='ltr'><strong>those</strong></span> <span class='ocrx_word' id='word_1_46' title='bbox 124 1630 156 1657; x_wconf 90' lang='lat' dir='ltr'><strong>of</strong></span> <span class='ocrx_word' id='word_1_47' title='bbox 166 1631 214 1657; x_wconf 85' lang='lat' dir='ltr'><strong>the</strong></span> 
     </span>
     <span class='ocr_line' id='line_1_21' title="bbox 30 1666 136 1699; baseline 0 -8"><span class='ocrx_word' id='word_1_48' title='bbox 30 1666 136 1699; x_wconf 78' lang='lat' dir='ltr'><strong>planet.</strong></span> 
     </span>
    </p>
   </div>
   <div class='ocr_carea' id='block_1_10' title="bbox 216 1928 305 1959">
    <p class='ocr_par' dir='ltr' id='par_1_10' title="bbox 216 1928 305 1959">
     <span class='ocr_line' id='line_1_22' title="bbox 216 1928 305 1959; baseline 0.022 -11"><span class='ocrx_word' id='word_1_49' title='bbox 216 1928 256 1959; x_wconf 85' lang='lat'><strong>92</strong></span> <span class='ocrx_word' id='word_1_50' title='bbox 277 1930 305 1950; x_wconf 85' lang='lat' dir='ltr'><strong>a.</strong></span> 
     </span>
    </p>
   </div>
   <div class='ocr_carea' id='block_1_11' title="bbox 34 1988 284 2084">
    <p class='ocr_par' dir='ltr' id='par_1_11' title="bbox 34 1988 284 2084">
     <span class='ocr_line' id='line_1_23' title="bbox 34 1988 216 2015; baseline -0.016 0"><span class='ocrx_word' id='word_1_51' title='bbox 34 1989 97 2015; x_wconf 64' lang='lat' dir='ltr'><strong>The</strong></span> <span class='ocrx_word' id='word_1_52' title='bbox 111 1988 216 2014; x_wconf 75' lang='lat' dir='ltr'><strong>anima</strong></span> 
     </span>
     <span class='ocr_line' id='line_1_24' title="bbox 35 2022 256 2048; baseline -0.005 0"><span class='ocrx_word' id='word_1_53' title='bbox 35 2022 198 2048; x_wconf 60' lang='lat' dir='ltr'><strong>racimzalis</strong></span> <span class='ocrx_word' id='word_1_54' title='bbox 210 2031 256 2048; x_wconf 87' lang='lat' dir='ltr'><strong>co-</strong></span> 
     </span>
     <span class='ocr_line' id='line_1_25' title="bbox 36 2055 284 2084; baseline -0.008 -1"><span class='ocrx_word' id='word_1_55' title='bbox 36 2056 182 2084; x_wconf 80' lang='lat' dir='ltr'><strong>ordinates</strong></span> <span class='ocrx_word' id='word_1_56' title='bbox 197 2055 284 2082; x_wconf 71' lang='lat' dir='ltr'><strong>them.</strong></span> 
     </span>
    </p>
   </div>
   <div class='ocr_carea' id='block_1_12' title="bbox 35 2207 268 2243">
    <p class='ocr_par' dir='ltr' id='par_1_12' title="bbox 35 2207 268 2243">
     <span class='ocr_line' id='line_1_26' title="bbox 35 2207 268 2243; baseline 0.004 -9"><span class='ocrx_word' id='word_1_57' title='bbox 35 2207 98 2236; x_wconf 82' lang='lat' dir='ltr'><strong>The</strong></span> <span class='ocrx_word' id='word_1_58' title='bbox 112 2209 268 2243; x_wconf 77' lang='lat' dir='ltr'><strong>properiies</strong></span> 
     </span>
    </p>
   </div>
   <div class='ocr_carea' id='block_1_13' title="bbox 1008 47 1090 76">
    <p class='ocr_par' dir='ltr' id='par_1_13' title="bbox 1008 47 1090 76">
     <span class='ocr_line' id='line_1_27' title="bbox 1008 47 1090 76; baseline 0 0"><span class='ocrx_word' id='word_1_59' title='bbox 1008 47 1090 76; x_wconf 83' lang='lat'><strong>120</strong></span> 
     </span>
    </p>
   </div>
   <div class='ocr_carea' id='block_1_14' title="bbox 309 151 1908 1609">
    <p class='ocr_par' dir='ltr' id='par_1_14' title="bbox 309 151 1800 278">
     <span class='ocr_line' id='line_1_28' title="bbox 310 151 1800 208; baseline -0.001 -14"><span class='ocrx_word' id='word_1_60' title='bbox 310 154 546 208; x_wconf 87' lang='lat' dir='ltr'><strong>prietatum</strong></span> <span class='ocrx_word' id='word_1_61' title='bbox 583 153 766 195; x_wconf 89' lang='lat' dir='ltr'><strong>istarum</strong></span> <span class='ocrx_word' id='word_1_62' title='bbox 803 165 948 193; x_wconf 91' lang='lat' dir='ltr'><strong>rerum</strong></span> <span class='ocrx_word' id='word_1_63' title='bbox 985 158 1159 207; x_wconf 85' lang='lat' dir='ltr'><strong>spectat</strong></span> <span class='ocrx_word' id='word_1_64' title='bbox 1182 154 1237 194; x_wconf 88' lang='lat' dir='ltr'><strong>ad</strong></span> <span class='ocrx_word' id='word_1_65' title='bbox 1267 152 1571 208; x_wconf 88' lang='lat' dir='ltr'><strong>philosophos,</strong></span> <span class='ocrx_word' id='word_1_66' title='bbox 1599 151 1800 208; x_wconf 85' lang='lat' dir='ltr'>cognicio</span> 
     </span>
     <span class='ocr_line' id='line_1_29' title="bbox 309 220 1573 278; baseline -0.001 -14"><span class='ocrx_word' id='word_1_67' title='bbox 309 238 413 266; x_wconf 91' lang='lat' dir='ltr'><strong>vero</strong></span> <span class='ocrx_word' id='word_1_68' title='bbox 431 224 746 278; x_wconf 88' lang='lat' dir='ltr'><strong>operacionum</strong></span> <span class='ocrx_word' id='word_1_69' title='bbox 769 220 1039 264; x_wconf 81' lang='lat' dir='ltr'><strong>naturalium</strong></span> <span class='ocrx_word' id='word_1_70' title='bbox 1063 228 1237 276; x_wconf 89' lang='lat' dir='ltr'><strong>spectat</strong></span> <span class='ocrx_word' id='word_1_71' title='bbox 1260 223 1317 264; x_wconf 90' lang='lat' dir='ltr'><strong>ad</strong></span> <span class='ocrx_word' id='word_1_72' title='bbox 1341 221 1573 265; x_wconf 86' lang='lat' dir='ltr'><strong>medicos.1</strong></span> 
     </span>
    </p>

    <p class='ocr_par' dir='ltr' id='par_1_15' title="bbox 310 290 1840 558">
     <span class='ocr_line' id='line_1_30' title="bbox 369 290 1803 353; baseline -0.001 -19"><span class='ocrx_word' id='word_1_73' title='bbox 369 294 430 335; x_wconf 90' lang='lat' dir='ltr'><strong>Et</strong></span> <span class='ocrx_word' id='word_1_74' title='bbox 464 294 569 335; x_wconf 94' lang='lat' dir='ltr'><strong>nolo</strong></span> <span class='ocrx_word' id='word_1_75' title='bbox 601 300 724 334; x_wconf 90' lang='lat' dir='ltr'><strong>tuam</strong></span> <span class='ocrx_word' id='word_1_76' title='bbox 757 291 1044 335; x_wconf 91' lang='lat' dir='ltr'><strong>clemenciam</strong></span> <span class='ocrx_word' id='word_1_77' title='bbox 1078 291 1215 334; x_wconf 90' lang='lat' dir='ltr'><strong>latere</strong></span> <span class='ocrx_word' id='word_1_78' title='bbox 1249 292 1334 347; x_wconf 88' lang='lat' dir='ltr'><strong>(vel</strong></span> <span class='ocrx_word' id='word_1_79' title='bbox 1358 290 1677 353; x_wconf 83' lang='lat' dir='ltr'>prudenciam),</span> <span class='ocrx_word' id='word_1_80' title='bbox 1700 291 1803 346; x_wconf 90' lang='lat' dir='ltr'><strong>quia</strong></span> 
     </span>
     <span class='ocr_line' id='line_1_31' title="bbox 310 362 1802 417; baseline -0.001 -12"><span class='ocrx_word' id='word_1_81' title='bbox 310 378 444 405; x_wconf 91' lang='lat' dir='ltr'><strong>omne</strong></span> <span class='ocrx_word' id='word_1_82' title='bbox 487 377 639 405; x_wconf 92' lang='lat' dir='ltr'><strong>carens</strong></span> <span class='ocrx_word' id='word_1_83' title='bbox 684 363 846 404; x_wconf 92' lang='lat' dir='ltr'><strong>lumine</strong></span> <span class='ocrx_word' id='word_1_84' title='bbox 880 364 937 404; x_wconf 92' lang='lat' dir='ltr'><strong>de</strong></span> <span class='ocrx_word' id='word_1_85' title='bbox 971 375 1159 404; x_wconf 89' lang='lat' dir='ltr'><strong>numero</strong></span> <span class='ocrx_word' id='word_1_86' title='bbox 1194 363 1510 417; x_wconf 69' lang='lat' dir='ltr'>vegetabilium</span> <span class='ocrx_word' id='word_1_87' title='bbox 1544 378 1571 405; x_wconf 95' lang='lat' dir='ltr'><strong>a</strong></span> <span class='ocrx_word' id='word_1_88' title='bbox 1608 362 1802 404; x_wconf 85' lang='lat' dir='ltr'><strong>Saturno</strong></span> 
     </span>
     <span class='ocr_line' id='line_1_32' title="bbox 312 433 1840 488; baseline -0.001 -14"><span class='ocrx_word' id='word_1_89' title='bbox 312 434 477 488; x_wconf 91' lang='lat' dir='ltr'><strong>regitur</strong></span> <span class='ocrx_word' id='word_1_90' title='bbox 518 440 561 475; x_wconf 93' lang='lat' dir='ltr'><strong>et</strong></span> <span class='ocrx_word' id='word_1_91' title='bbox 605 434 644 474; x_wconf 89' lang='lat' dir='ltr'><strong>ei</strong></span> <span class='ocrx_word' id='word_1_92' title='bbox 686 433 955 475; x_wconf 84' lang='lat' dir='ltr'><strong>attribuitur.</strong></span> <span class='ocrx_word' id='word_1_93' title='bbox 1020 433 1081 473; x_wconf 91' lang='lat' dir='ltr'><strong>Et</strong></span> <span class='ocrx_word' id='word_1_94' title='bbox 1123 433 1333 487; x_wconf 92' lang='lat' dir='ltr'><strong>quicquid</strong></span> <span class='ocrx_word' id='word_1_95' title='bbox 1374 433 1693 487; x_wconf 74' lang='lat' dir='ltr'><strong>vegetabilium</strong></span> <span class='ocrx_word' id='word_1_96' title='bbox 1736 438 1801 474; x_wconf 89' lang='lat' dir='ltr'><strong>est</strong></span> <span class='ocrx_word' id='word_1_97' title='bbox 1822 448 1840 482; x_wconf 89' lang='lat'>5</span> 
     </span>
     <span class='ocr_line' id='line_1_33' title="bbox 311 501 1803 558; baseline -0.002 -13"><span class='ocrx_word' id='word_1_98' title='bbox 311 504 517 546; x_wconf 90' lang='lat' dir='ltr'><strong>floridum</strong></span> <span class='ocrx_word' id='word_1_99' title='bbox 556 502 824 544; x_wconf 88' lang='lat' dir='ltr'><strong>luminosum</strong></span> <span class='ocrx_word' id='word_1_100' title='bbox 863 517 889 544; x_wconf 90' lang='lat' dir='ltr'><strong>a</strong></span> <span class='ocrx_word' id='word_1_101' title='bbox 923 501 1145 543; x_wconf 85' lang='lat' dir='ltr'><strong>Mercurio</strong></span> <span class='ocrx_word' id='word_1_102' title='bbox 1178 503 1343 558; x_wconf 89' lang='lat' dir='ltr'><strong>regitur</strong></span> <span class='ocrx_word' id='word_1_103' title='bbox 1381 511 1426 546; x_wconf 91' lang='lat' dir='ltr'><strong>et</strong></span> <span class='ocrx_word' id='word_1_104' title='bbox 1457 504 1495 544; x_wconf 94' lang='lat' dir='ltr'><strong>ei</strong></span> <span class='ocrx_word' id='word_1_105' title='bbox 1533 502 1803 546; x_wconf 84' lang='lat' dir='ltr'><strong>attribuitur.</strong></span> 
     </span>
    </p>

    <p class='ocr_par' dir='ltr' id='par_1_16' title="bbox 312 572 1908 1036">
     <span class='ocr_line' id='line_1_34' title="bbox 312 572 1908 637; baseline -0.002 -22"><span class='ocrx_word' id='word_1_106' title='bbox 312 575 372 615; x_wconf 88' lang='lat' dir='ltr'><strong>Et</strong></span> <span class='ocrx_word' id='word_1_107' title='bbox 395 573 607 629; x_wconf 89' lang='lat' dir='ltr'><strong>quicquid</strong></span> <span class='ocrx_word' id='word_1_108' title='bbox 636 572 955 628; x_wconf 86' lang='lat' dir='ltr'><strong>vegetabilium</strong></span> <span class='ocrx_word' id='word_1_109' title='bbox 980 581 1046 615; x_wconf 89' lang='lat' dir='ltr'><strong>est</strong></span> <span class='ocrx_word' id='word_1_110' title='bbox 1079 572 1286 614; x_wconf 87' lang='lat' dir='ltr'><strong>floridum</strong></span> <span class='ocrx_word' id='word_1_111' title='bbox 1310 585 1399 615; x_wconf 91' lang='lat' dir='ltr'><strong>non</strong></span> <span class='ocrx_word' id='word_1_112' title='bbox 1432 574 1575 615; x_wconf 85' lang='lat' dir='ltr'><strong>ferens</strong></span> <span class='ocrx_word' id='word_1_113' title='bbox 1598 573 1802 623; x_wconf 86' lang='lat' dir='ltr'><strong>fructum,</strong></span> <span class='ocrx_word' id='word_1_114' title='bbox 1870 631 1875 637; x_wconf 91' lang='lat'>.</span> <span class='ocrx_word' id='word_1_115' title='bbox 1906 620 1908 637; x_wconf 55' lang='grc' dir='ltr'>Ι</span> 
     </span>
     <span class='ocr_line' id='line_1_35' title="bbox 313 642 1908 698; baseline -0.001 -13"><span class='ocrx_word' id='word_1_116' title='bbox 313 644 449 685; x_wconf 88' lang='lat' dir='ltr'><strong>Marti</strong></span> <span class='ocrx_word' id='word_1_117' title='bbox 473 644 731 686; x_wconf 89' lang='lat' dir='ltr'><strong>attribuitur</strong></span> <span class='ocrx_word' id='word_1_118' title='bbox 745 650 789 685; x_wconf 89' lang='lat' dir='ltr'><strong>et</strong></span> <span class='ocrx_word' id='word_1_119' title='bbox 811 657 890 698; x_wconf 91' lang='lat' dir='ltr'><strong>per</strong></span> <span class='ocrx_word' id='word_1_120' title='bbox 911 642 1057 697; x_wconf 89' lang='lat' dir='ltr'><strong>ipsum</strong></span> <span class='ocrx_word' id='word_1_121' title='bbox 1082 643 1261 697; x_wconf 88' lang='lat' dir='ltr'><strong>regitur.</strong></span> <span class='ocrx_word' id='word_1_122' title='bbox 1317 644 1463 686; x_wconf 86' lang='lat' dir='ltr'><strong>Omne</strong></span> <span class='ocrx_word' id='word_1_123' title='bbox 1485 644 1602 686; x_wconf 90' lang='lat' dir='ltr'><strong>enim</strong></span> <span class='ocrx_word' id='word_1_124' title='bbox 1625 648 1803 698; x_wconf 86' lang='lat' dir='ltr'><strong>vegeta-</strong></span> <span class='ocrx_word' id='word_1_125' title='bbox 1906 642 1908 693; x_wconf 74' lang='grc' dir='ltr'>ἱ</span> 
     </span>
     <span class='ocr_line' id='line_1_36' title="bbox 312 711 1908 768; baseline -0.001 -13"><span class='ocrx_word' id='word_1_126' title='bbox 312 714 398 756; x_wconf 87' lang='lat' dir='ltr'><strong>bile</strong></span> <span class='ocrx_word' id='word_1_127' title='bbox 432 713 641 755; x_wconf 89' lang='lat' dir='ltr'><strong>floridum</strong></span> <span class='ocrx_word' id='word_1_128' title='bbox 667 720 710 756; x_wconf 92' lang='lat' dir='ltr'><strong>et</strong></span> <span class='ocrx_word' id='word_1_129' title='bbox 738 713 1013 755; x_wconf 85' lang='lat' dir='ltr'><strong>fructuosum</strong></span> <span class='ocrx_word' id='word_1_130' title='bbox 1052 713 1145 755; x_wconf 85' lang='lat' dir='ltr'><strong>Soli</strong></span> <span class='ocrx_word' id='word_1_131' title='bbox 1180 714 1437 756; x_wconf 89' lang='lat' dir='ltr'><strong>attribuitur</strong></span> <span class='ocrx_word' id='word_1_132' title='bbox 1471 721 1514 756; x_wconf 90' lang='lat' dir='ltr'><strong>et</strong></span> <span class='ocrx_word' id='word_1_133' title='bbox 1548 728 1627 768; x_wconf 90' lang='lat' dir='ltr'><strong>per</strong></span> <span class='ocrx_word' id='word_1_134' title='bbox 1659 714 1804 768; x_wconf 89' lang='lat' dir='ltr'><strong>ipsum</strong></span> <span class='ocrx_word' id='word_1_135' title='bbox 1866 711 1870 716; x_wconf 87' lang='grc'><strong>’</strong></span> <span class='ocrx_word' id='word_1_136' title='bbox 1907 711 1908 714; x_wconf 66' lang='grc'>’</span> 
     </span>
     <span class='ocr_line' id='line_1_37' title="bbox 315 783 1867 839; baseline -0.003 -13"><span class='ocrx_word' id='word_1_137' title='bbox 315 784 492 839; x_wconf 90' lang='lat' dir='ltr'><strong>regitur.</strong></span> <span class='ocrx_word' id='word_1_138' title='bbox 576 784 752 825; x_wconf 89' lang='lat' dir='ltr'><strong>Deinde</strong></span> <span class='ocrx_word' id='word_1_139' title='bbox 799 797 1020 838; x_wconf 89' lang='lat' dir='ltr'><strong>compone</strong></span> <span class='ocrx_word' id='word_1_140' title='bbox 1063 790 1106 825; x_wconf 93' lang='lat' dir='ltr'><strong>et</strong></span> <span class='ocrx_word' id='word_1_141' title='bbox 1144 783 1283 839; x_wconf 91' lang='lat' dir='ltr'><strong>junge</strong></span> <span class='ocrx_word' id='word_1_142' title='bbox 1309 783 1314 838; x_wconf 86' lang='grc'>1</span> <span class='ocrx_word' id='word_1_143' title='bbox 1343 784 1425 826; x_wconf 83' lang='lat' dir='ltr'><strong>has</strong></span> <span class='ocrx_word' id='word_1_144' title='bbox 1468 784 1718 833; x_wconf 81' lang='lat' dir='ltr'><strong>divisiones,</strong></span> <span class='ocrx_word' id='word_1_145' title='bbox 1760 789 1804 825; x_wconf 91' lang='lat' dir='ltr'><strong>et</strong></span> <span class='ocrx_word' id='word_1_146' title='bbox 1828 799 1867 822; x_wconf 75' lang='grc' dir='ltr'><strong>ιο</strong></span> 
     </span>
     <span class='ocr_line' id='line_1_38' title="bbox 316 853 1833 914; baseline -0.001 -18"><span class='ocrx_word' id='word_1_147' title='bbox 316 855 438 896; x_wconf 91' lang='lat' dir='ltr'><strong>dicas</strong></span> <span class='ocrx_word' id='word_1_148' title='bbox 461 867 594 895; x_wconf 91' lang='lat' dir='ltr'><strong>omne</strong></span> <span class='ocrx_word' id='word_1_149' title='bbox 615 853 866 909; x_wconf 83' lang='lat' dir='ltr'><strong>vegetabile</strong></span> <span class='ocrx_word' id='word_1_150' title='bbox 888 853 1032 895; x_wconf 88' lang='lat' dir='ltr'><strong>ferens</strong></span> <span class='ocrx_word' id='word_1_151' title='bbox 1061 853 1251 897; x_wconf 89' lang='lat' dir='ltr'><strong>fructum</strong></span> <span class='ocrx_word' id='word_1_152' title='bbox 1282 867 1370 895; x_wconf 91' lang='lat' dir='ltr'><strong>non</strong></span> <span class='ocrx_word' id='word_1_153' title='bbox 1402 853 1576 905; x_wconf 89' lang='lat' dir='ltr'><strong>florens,</strong></span> <span class='ocrx_word' id='word_1_154' title='bbox 1599 854 1712 895; x_wconf 89' lang='lat' dir='ltr'><strong>sicut</strong></span> <span class='ocrx_word' id='word_1_155' title='bbox 1738 859 1806 895; x_wconf 87' lang='lat' dir='ltr'><strong>est</strong></span> <span class='ocrx_word' id='word_1_156' title='bbox 1826 906 1833 914; x_wconf 16' lang='grc' dir='ltr'>ἢ</span> 
     </span>
     <span class='ocr_line' id='line_1_39' title="bbox 316 922 1858 982; baseline -0.001 -17"><span class='ocrx_word' id='word_1_157' title='bbox 316 924 479 979; x_wconf 89' lang='lat' dir='ltr'><strong>palma,</strong></span> <span class='ocrx_word' id='word_1_158' title='bbox 503 924 759 965; x_wconf 87' lang='lat' dir='ltr'><strong>attribuitur</strong></span> <span class='ocrx_word' id='word_1_159' title='bbox 781 922 977 965; x_wconf 87' lang='lat' dir='ltr'><strong>Saturno</strong></span> <span class='ocrx_word' id='word_1_160' title='bbox 1002 930 1046 964; x_wconf 91' lang='lat' dir='ltr'><strong>et</strong></span> <span class='ocrx_word' id='word_1_161' title='bbox 1075 922 1183 965; x_wconf 85' lang='lat' dir='ltr'><strong>Soli.</strong></span> <span class='ocrx_word' id='word_1_162' title='bbox 1247 923 1307 965; x_wconf 90' lang='lat' dir='ltr'><strong>Et</strong></span> <span class='ocrx_word' id='word_1_163' title='bbox 1330 937 1463 965; x_wconf 90' lang='lat' dir='ltr'><strong>omne</strong></span> <span class='ocrx_word' id='word_1_164' title='bbox 1486 923 1695 966; x_wconf 88' lang='lat' dir='ltr'><strong>floridum</strong></span> <span class='ocrx_word' id='word_1_165' title='bbox 1718 937 1806 982; x_wconf 86' lang='lat' dir='ltr'><strong>non</strong></span> <span class='ocrx_word' id='word_1_166' title='bbox 1850 931 1858 938; x_wconf 83' lang='lat'><strong><em>‘</em></strong></span> 
     </span>
     <span class='ocr_line' id='line_1_40' title="bbox 318 993 1493 1036; baseline -0.001 -1"><span class='ocrx_word' id='word_1_167' title='bbox 318 994 459 1036; x_wconf 89' lang='lat' dir='ltr'><strong>ferens</strong></span> <span class='ocrx_word' id='word_1_168' title='bbox 482 993 672 1035; x_wconf 89' lang='lat' dir='ltr'><strong>fructum</strong></span> <span class='ocrx_word' id='word_1_169' title='bbox 697 1000 906 1034; x_wconf 78' lang='lat' dir='ltr'><strong>causatur</strong></span> <span class='ocrx_word' id='word_1_170' title='bbox 927 1006 952 1033; x_wconf 91' lang='lat' dir='ltr'><strong>a</strong></span> <span class='ocrx_word' id='word_1_171' title='bbox 976 993 1200 1036; x_wconf 91' lang='lat' dir='ltr'><strong>Mercurio</strong></span> <span class='ocrx_word' id='word_1_172' title='bbox 1222 1000 1266 1035; x_wconf 87' lang='lat' dir='ltr'><strong>et</strong></span> <span class='ocrx_word' id='word_1_173' title='bbox 1289 1008 1313 1035; x_wconf 91' lang='lat' dir='ltr'><strong>a</strong></span> <span class='ocrx_word' id='word_1_174' title='bbox 1334 994 1493 1036; x_wconf 88' lang='lat' dir='ltr'><strong>Marte.</strong></span> 
     </span>
    </p>

    <p class='ocr_par' dir='ltr' id='par_1_17' title="bbox 318 1062 1874 1609">
     <span class='ocr_line' id='line_1_41' title="bbox 378 1062 1808 1118; baseline -0.002 -12"><span class='ocrx_word' id='word_1_175' title='bbox 378 1064 494 1106; x_wconf 91' lang='lat' dir='ltr'><strong>Item</strong></span> <span class='ocrx_word' id='word_1_176' title='bbox 527 1064 721 1118; x_wconf 90' lang='lat' dir='ltr'><strong>quedam</strong></span> <span class='ocrx_word' id='word_1_177' title='bbox 751 1062 1018 1118; x_wconf 85' lang='lat' dir='ltr'><strong>vegetabilia</strong></span> <span class='ocrx_word' id='word_1_178' title='bbox 1050 1070 1152 1105; x_wconf 90' lang='lat' dir='ltr'><strong>sunt</strong></span> <span class='ocrx_word' id='word_1_179' title='bbox 1187 1077 1266 1118; x_wconf 90' lang='lat' dir='ltr'><strong>per</strong></span> <span class='ocrx_word' id='word_1_180' title='bbox 1298 1077 1446 1105; x_wconf 88' lang='lat' dir='ltr'><strong>ramos</strong></span> <span class='ocrx_word' id='word_1_181' title='bbox 1461 1063 1490 1114; x_wconf 82' lang='lat'><strong>2,</strong></span> <span class='ocrx_word' id='word_1_182' title='bbox 1516 1064 1707 1118; x_wconf 89' lang='lat' dir='ltr'><strong>quedam</strong></span> <span class='ocrx_word' id='word_1_183' title='bbox 1730 1076 1808 1117; x_wconf 89' lang='lat' dir='ltr'><strong>per</strong></span> 
     </span>
     <span class='ocr_line' id='line_1_42' title="bbox 318 1133 1868 1189; baseline -0.001 -14"><span class='ocrx_word' id='word_1_184' title='bbox 318 1134 501 1183; x_wconf 89' lang='lat' dir='ltr'><strong>semina,</strong></span> <span class='ocrx_word' id='word_1_185' title='bbox 523 1133 717 1188; x_wconf 89' lang='lat' dir='ltr'><strong>quedam</strong></span> <span class='ocrx_word' id='word_1_186' title='bbox 740 1141 983 1176; x_wconf 90' lang='lat' dir='ltr'><strong>nascuntur</strong></span> <span class='ocrx_word' id='word_1_187' title='bbox 1009 1134 1105 1176; x_wconf 89' lang='lat' dir='ltr'><strong>sine</strong></span> <span class='ocrx_word' id='word_1_188' title='bbox 1132 1134 1297 1175; x_wconf 91' lang='lat' dir='ltr'><strong>semine</strong></span> <span class='ocrx_word' id='word_1_189' title='bbox 1323 1141 1367 1175; x_wconf 91' lang='lat' dir='ltr'><strong>et</strong></span> <span class='ocrx_word' id='word_1_190' title='bbox 1389 1134 1484 1175; x_wconf 90' lang='lat' dir='ltr'><strong>sine</strong></span> <span class='ocrx_word' id='word_1_191' title='bbox 1513 1133 1807 1189; x_wconf 84' lang='lat' dir='ltr'><strong>plantacione.</strong></span> <span class='ocrx_word' id='word_1_192' title='bbox 1831 1148 1868 1181; x_wconf 86' lang='lat'><strong>15</strong></span> 
     </span>
     <span class='ocr_line' id='line_1_43' title="bbox 320 1203 1809 1259; baseline -0.001 -14"><span class='ocrx_word' id='word_1_193' title='bbox 320 1205 449 1246; x_wconf 88' lang='lat' dir='ltr'><strong>Patet</strong></span> <span class='ocrx_word' id='word_1_194' title='bbox 466 1217 573 1258; x_wconf 92' lang='lat' dir='ltr'><strong>ergo</strong></span> <span class='ocrx_word' id='word_1_195' title='bbox 605 1203 701 1245; x_wconf 91' lang='lat' dir='ltr'><strong>luce</strong></span> <span class='ocrx_word' id='word_1_196' title='bbox 733 1204 893 1245; x_wconf 90' lang='lat' dir='ltr'><strong>clarius</strong></span> <span class='ocrx_word' id='word_1_197' title='bbox 925 1217 984 1251; x_wconf 78' lang='lat' dir='ltr'><strong>ex</strong></span> <span class='ocrx_word' id='word_1_198' title='bbox 1016 1204 1228 1259; x_wconf 83' lang='lat' dir='ltr'><strong>predictis</strong></span> <span class='ocrx_word' id='word_1_199' title='bbox 1260 1204 1379 1258; x_wconf 89' lang='lat' dir='ltr'><strong>quod</strong></span> <span class='ocrx_word' id='word_1_200' title='bbox 1412 1204 1608 1258; x_wconf 88' lang='lat' dir='ltr'><strong>quelibet</strong></span> <span class='ocrx_word' id='word_1_201' title='bbox 1640 1203 1809 1257; x_wconf 89' lang='lat' dir='ltr'><strong>species</strong></span> 
     </span>
     <span class='ocr_line' id='line_1_44' title="bbox 318 1273 1811 1329; baseline -0.001 -14"><span class='ocrx_word' id='word_1_202' title='bbox 318 1274 634 1329; x_wconf 83' lang='lat' dir='ltr'><strong>vegetabilium</strong></span> <span class='ocrx_word' id='word_1_203' title='bbox 653 1274 788 1316; x_wconf 89' lang='lat' dir='ltr'><strong>habet</strong></span> <span class='ocrx_word' id='word_1_204' title='bbox 806 1274 1148 1329; x_wconf 83' lang='lat' dir='ltr'><strong>disposicionem</strong></span> <span class='ocrx_word' id='word_1_205' title='bbox 1168 1274 1394 1328; x_wconf 85' lang='lat' dir='ltr'><strong>propriam</strong></span> <span class='ocrx_word' id='word_1_206' title='bbox 1411 1274 1518 1329; x_wconf 78' lang='lat' dir='ltr'><strong>que3</strong></span> <span class='ocrx_word' id='word_1_207' title='bbox 1532 1273 1811 1328; x_wconf 83' lang='lat' dir='ltr'><strong>complexio-</strong></span> 
     </span>
     <span class='ocr_line' id='line_1_45' title="bbox 320 1344 1809 1399; baseline -0.001 -14"><span class='ocrx_word' id='word_1_208' title='bbox 320 1351 463 1393; x_wconf 80' lang='lat' dir='ltr'><strong>natur‚</strong></span> <span class='ocrx_word' id='word_1_209' title='bbox 486 1352 529 1385; x_wconf 90' lang='lat' dir='ltr'><strong>et</strong></span> <span class='ocrx_word' id='word_1_210' title='bbox 552 1345 753 1386; x_wconf 89' lang='lat' dir='ltr'><strong>imitatur</strong></span> <span class='ocrx_word' id='word_1_211' title='bbox 769 1345 980 1386; x_wconf 90' lang='lat' dir='ltr'><strong>virtutem</strong></span> <span class='ocrx_word' id='word_1_212' title='bbox 1004 1344 1130 1386; x_wconf 88' lang='lat' dir='ltr'><strong>unius</strong></span> <span class='ocrx_word' id='word_1_213' title='bbox 1147 1344 1334 1399; x_wconf 90' lang='lat' dir='ltr'><strong>planete,</strong></span> <span class='ocrx_word' id='word_1_214' title='bbox 1353 1352 1396 1386; x_wconf 90' lang='lat' dir='ltr'><strong>et</strong></span> <span class='ocrx_word' id='word_1_215' title='bbox 1412 1346 1449 1386; x_wconf 92' lang='lat' dir='ltr'><strong>ei</strong></span> <span class='ocrx_word' id='word_1_216' title='bbox 1474 1344 1742 1386; x_wconf 87' lang='lat' dir='ltr'><strong>assimilatur</strong></span> <span class='ocrx_word' id='word_1_217' title='bbox 1765 1350 1809 1385; x_wconf 88' lang='lat' dir='ltr'><strong>et</strong></span> 
     </span>
     <span class='ocr_line' id='line_1_46' title="bbox 321 1411 1812 1468; baseline 0.001 -14"><span class='ocrx_word' id='word_1_218' title='bbox 321 1413 591 1464; x_wconf 78' lang='lat' dir='ltr'><strong>attribuitur,</strong></span> <span class='ocrx_word' id='word_1_219' title='bbox 607 1411 658 1455; x_wconf 77' lang='lat' dir='ltr'><strong>¹et</strong></span> <span class='ocrx_word' id='word_1_220' title='bbox 686 1413 822 1456; x_wconf 90' lang='lat' dir='ltr'><strong>habet</strong></span> <span class='ocrx_word' id='word_1_221' title='bbox 852 1413 984 1455; x_wconf 89' lang='lat' dir='ltr'><strong>aliam</strong></span> <span class='ocrx_word' id='word_1_222' title='bbox 1014 1415 1332 1468; x_wconf 86' lang='lat' dir='ltr'><strong>proprietatem</strong></span> <span class='ocrx_word' id='word_1_223' title='bbox 1365 1413 1481 1468; x_wconf 79' lang='lat' dir='ltr'><strong>que3</strong></span> <span class='ocrx_word' id='word_1_224' title='bbox 1503 1414 1746 1457; x_wconf 87' lang='lat' dir='ltr'><strong>associatur</strong></span> <span class='ocrx_word' id='word_1_225' title='bbox 1767 1420 1812 1456; x_wconf 89' lang='lat' dir='ltr'><strong>et</strong></span> 
     </span>
     <span class='ocr_line' id='line_1_47' title="bbox 320 1483 1874 1539; baseline 0.001 -14"><span class='ocrx_word' id='word_1_226' title='bbox 320 1483 578 1526; x_wconf 87' lang='lat' dir='ltr'><strong>attribuitur</strong></span> <span class='ocrx_word' id='word_1_227' title='bbox 599 1484 763 1526; x_wconf 91' lang='lat' dir='ltr'><strong>virtute</strong></span> <span class='ocrx_word' id='word_1_228' title='bbox 786 1484 974 1525; x_wconf 87' lang='lat' dir='ltr'><strong>duorum</strong></span> <span class='ocrx_word' id='word_1_229' title='bbox 998 1483 1272 1538; x_wconf 89' lang='lat' dir='ltr'><strong>planetarum</strong></span> <span class='ocrx_word' id='word_1_230' title='bbox 1290 1483 1306 1507; x_wconf 75' lang='lat'><strong><em>4</em></strong></span> <span class='ocrx_word' id='word_1_231' title='bbox 1334 1484 1403 1526; x_wconf 81' lang='lat' dir='ltr'><strong>vel</strong></span> <span class='ocrx_word' id='word_1_232' title='bbox 1426 1484 1629 1539; x_wconf 86' lang='lat' dir='ltr'><strong>plurium,</strong></span> <span class='ocrx_word' id='word_1_233' title='bbox 1655 1498 1809 1526; x_wconf 88' lang='lat' dir='ltr'><strong>secun·</strong></span> <span class='ocrx_word' id='word_1_234' title='bbox 1834 1498 1874 1521; x_wconf 90' lang='lat'><strong>20</strong></span> 
     </span>
     <span class='ocr_line' id='line_1_48' title="bbox 323 1554 1811 1609; baseline 0.001 -15"><span class='ocrx_word' id='word_1_235' title='bbox 323 1554 431 1595; x_wconf 91' lang='lat' dir='ltr'><strong>dum</strong></span> <span class='ocrx_word' id='word_1_236' title='bbox 455 1554 576 1607; x_wconf 91' lang='lat' dir='ltr'><strong>quod</strong></span> <span class='ocrx_word' id='word_1_237' title='bbox 602 1561 752 1607; x_wconf 90' lang='lat' dir='ltr'><strong>potest</strong></span> <span class='ocrx_word' id='word_1_238' title='bbox 774 1554 1008 1609; x_wconf 88' lang='lat' dir='ltr'><strong>suscipere.</strong></span> <span class='ocrx_word' id='word_1_239' title='bbox 1041 1584 1045 1587; x_wconf 76' lang='lat'><em>‚</em></span> <span class='ocrx_word' id='word_1_240' title='bbox 1073 1554 1134 1596; x_wconf 87' lang='lat' dir='ltr'><strong>Et</strong></span> <span class='ocrx_word' id='word_1_241' title='bbox 1162 1554 1288 1608; x_wconf 88' lang='lat' dir='ltr'><strong>juvat</strong></span> <span class='ocrx_word' id='word_1_242' title='bbox 1321 1568 1682 1609; x_wconf 85' lang='lat' dir='ltr'><strong>unamquamque</strong></span> <span class='ocrx_word' id='word_1_243' title='bbox 1710 1568 1811 1609; x_wconf 92' lang='lat' dir='ltr'><strong>pro-</strong></span> 
     </span>
    </p>
   </div>
   <div class='ocr_carea' id='block_1_15' title="bbox 312 1623 1812 1680">
    <p class='ocr_par' dir='ltr' id='par_1_18' title="bbox 312 1623 1812 1680">
     <span class='ocr_line' id='line_1_49' title="bbox 312 1623 1812 1680; baseline 0.001 -16"><span class='ocrx_word' id='word_1_244' title='bbox 312 1624 559 1680; x_wconf 86' lang='lat' dir='ltr'><strong>prietatem</strong></span> <span class='ocrx_word' id='word_1_245' title='bbox 612 1623 707 1678; x_wconf 90' lang='lat' dir='ltr'><strong>ejus</strong></span> <span class='ocrx_word' id='word_1_246' title='bbox 760 1624 878 1679; x_wconf 88' lang='lat' dir='ltr'><strong>quod</strong></span> <span class='ocrx_word' id='word_1_247' title='bbox 923 1625 961 1665; x_wconf 89' lang='lat' dir='ltr'><strong>ei</strong></span> <span class='ocrx_word' id='word_1_248' title='bbox 1009 1625 1276 1674; x_wconf 87' lang='lat' dir='ltr'><strong>attribuitur,</strong></span> <span class='ocrx_word' id='word_1_249' title='bbox 1324 1625 1505 1676; x_wconf 88' lang='lat' dir='ltr'><strong>scilicet,</strong></span> <span class='ocrx_word' id='word_1_250' title='bbox 1549 1625 1623 1667; x_wconf 90' lang='lat' dir='ltr'><strong>illa</strong></span> <span class='ocrx_word' id='word_1_251' title='bbox 1673 1625 1812 1666; x_wconf 86' lang='lat' dir='ltr'><strong>virtus</strong></span> 
     </span>
    </p>
   </div>
   <div class='ocr_carea' id='block_1_16' title="bbox 323 1693 1874 2158">
    <p class='ocr_par' dir='ltr' id='par_1_19' title="bbox 323 1693 1874 2158">
     <span class='ocr_line' id='line_1_50' title="bbox 323 1693 1811 1749; baseline -0.001 -13"><span class='ocrx_word' id='word_1_252' title='bbox 323 1694 535 1736; x_wconf 86' lang='lat' dir='ltr'><strong>naturalis</strong></span> <span class='ocrx_word' id='word_1_253' title='bbox 568 1693 782 1748; x_wconf 73' lang='lat' dir='ltr'><strong>planete‚⁵</strong></span> <span class='ocrx_word' id='word_1_254' title='bbox 807 1694 981 1744; x_wconf 88' lang='lat' dir='ltr'><strong>scilicet,</strong></span> <span class='ocrx_word' id='word_1_255' title='bbox 1008 1708 1093 1749; x_wconf 89' lang='lat' dir='ltr'><strong>que</strong></span> <span class='ocrx_word' id='word_1_256' title='bbox 1110 1693 1125 1716; x_wconf 63' lang='grc' dir='ltr'>ὓ</span> <span class='ocrx_word' id='word_1_257' title='bbox 1151 1695 1345 1749; x_wconf 89' lang='lat' dir='ltr'><strong>disponit</strong></span> <span class='ocrx_word' id='word_1_258' title='bbox 1376 1709 1503 1736; x_wconf 90' lang='lat' dir='ltr'><strong>suam</strong></span> <span class='ocrx_word' id='word_1_259' title='bbox 1538 1694 1730 1749; x_wconf 90' lang='lat' dir='ltr'><strong>speciem</strong></span> <span class='ocrx_word' id='word_1_260' title='bbox 1768 1695 1811 1735; x_wconf 90' lang='lat' dir='ltr'><strong>in</strong></span> 
     </span>
     <span class='ocr_line' id='line_1_51' title="bbox 324 1763 1812 1820; baseline 0.001 -15"><span class='ocrx_word' id='word_1_261' title='bbox 324 1764 470 1806; x_wconf 88' lang='lat' dir='ltr'><strong>colore</strong></span> <span class='ocrx_word' id='word_1_262' title='bbox 505 1771 548 1806; x_wconf 93' lang='lat' dir='ltr'><strong>et</strong></span> <span class='ocrx_word' id='word_1_263' title='bbox 586 1779 744 1820; x_wconf 88' lang='lat' dir='ltr'><strong>sapore</strong></span> <span class='ocrx_word' id='word_1_264' title='bbox 780 1772 823 1806; x_wconf 89' lang='lat' dir='ltr'><strong>et</strong></span> <span class='ocrx_word' id='word_1_265' title='bbox 857 1766 995 1807; x_wconf 90' lang='lat' dir='ltr'><strong>odore</strong></span> <span class='ocrx_word' id='word_1_266' title='bbox 1029 1772 1072 1806; x_wconf 93' lang='lat' dir='ltr'><strong>et</strong></span> <span class='ocrx_word' id='word_1_267' title='bbox 1112 1763 1264 1820; x_wconf 88' lang='lat' dir='ltr'><strong>figura.</strong></span> <span class='ocrx_word' id='word_1_268' title='bbox 1329 1765 1390 1806; x_wconf 87' lang='lat' dir='ltr'><strong>Et</strong></span> <span class='ocrx_word' id='word_1_269' title='bbox 1413 1766 1562 1807; x_wconf 88' lang='lat' dir='ltr'><strong>anima</strong></span> <span class='ocrx_word' id='word_1_270' title='bbox 1584 1764 1812 1807; x_wconf 89' lang='lat' dir='ltr'><strong>racionalis</strong></span> 
     </span>
     <span class='ocr_line' id='line_1_52' title="bbox 326 1835 1874 1891; baseline 0 -15"><span class='ocrx_word' id='word_1_271' title='bbox 326 1849 480 1876; x_wconf 90' lang='lat' dir='ltr'><strong>omnes</strong></span> <span class='ocrx_word' id='word_1_272' title='bbox 523 1836 628 1877; x_wconf 90' lang='lat' dir='ltr'><strong>istas</strong></span> <span class='ocrx_word' id='word_1_273' title='bbox 671 1836 969 1891; x_wconf 86' lang='lat' dir='ltr'><strong>proprietates</strong></span> <span class='ocrx_word' id='word_1_274' title='bbox 1017 1843 1060 1877; x_wconf 93' lang='lat' dir='ltr'><strong>et</strong></span> <span class='ocrx_word' id='word_1_275' title='bbox 1107 1836 1296 1877; x_wconf 89' lang='lat' dir='ltr'><strong>virtutes</strong></span> <span class='ocrx_word' id='word_1_276' title='bbox 1348 1835 1548 1890; x_wconf 70' lang='lat' dir='ltr'><strong>colligit,⁷</strong></span> <span class='ocrx_word' id='word_1_277' title='bbox 1601 1835 1811 1889; x_wconf 84' lang='lat' dir='ltr'><strong>quoniam</strong></span> <span class='ocrx_word' id='word_1_278' title='bbox 1835 1849 1874 1881; x_wconf 84' lang='lat'><strong>25</strong></span> 
     </span>
     <span class='ocr_line' id='line_1_53' title="bbox 327 1904 1814 1962; baseline 0.001 -16"><span class='ocrx_word' id='word_1_279' title='bbox 327 1913 563 1947; x_wconf 89' lang='lat' dir='ltr'><strong>occurrunt</strong></span> <span class='ocrx_word' id='word_1_280' title='bbox 587 1906 624 1947; x_wconf 93' lang='lat' dir='ltr'><strong>ei</strong></span> <span class='ocrx_word' id='word_1_281' title='bbox 648 1913 692 1947; x_wconf 91' lang='lat' dir='ltr'><strong>et</strong></span> <span class='ocrx_word' id='word_1_282' title='bbox 714 1905 986 1948; x_wconf 75' lang='lat' dir='ltr'><strong>immutantur</strong></span> <span class='ocrx_word' id='word_1_283' title='bbox 1020 1920 1096 1960; x_wconf 90' lang='lat' dir='ltr'><strong>per</strong></span> <span class='ocrx_word' id='word_1_284' title='bbox 1129 1920 1226 1948; x_wconf 87' lang='lat' dir='ltr'><strong>eam</strong></span> <span class='ocrx_word' id='word_1_285' title='bbox 1243 1905 1284 1955; x_wconf 76' lang='lat'><strong>33</strong></span> <span class='ocrx_word' id='word_1_286' title='bbox 1312 1904 1317 1962; x_wconf 87' lang='grc' dir='ltr'>Ι</span> <span class='ocrx_word' id='word_1_287' title='bbox 1347 1913 1389 1948; x_wconf 91' lang='lat' dir='ltr'><strong>et</strong></span> <span class='ocrx_word' id='word_1_288' title='bbox 1413 1905 1518 1948; x_wconf 89' lang='lat' dir='ltr'><strong>facit</strong></span> <span class='ocrx_word' id='word_1_289' title='bbox 1549 1920 1623 1947; x_wconf 86' lang='lat' dir='ltr'><strong>eas</strong></span> <span class='ocrx_word' id='word_1_290' title='bbox 1655 1905 1814 1948; x_wconf 88' lang='lat' dir='ltr'><strong>durare</strong></span> 
     </span>
     <span class='ocr_line' id='line_1_54' title="bbox 329 1976 1813 2031; baseline 0.001 -16"><span class='ocrx_word' id='word_1_291' title='bbox 329 1988 407 2030; x_wconf 91' lang='lat' dir='ltr'><strong>per</strong></span> <span class='ocrx_word' id='word_1_292' title='bbox 428 1982 605 2017; x_wconf 88' lang='lat' dir='ltr'><strong>tantum</strong></span> <span class='ocrx_word' id='word_1_293' title='bbox 629 1977 842 2031; x_wconf 89' lang='lat' dir='ltr'><strong>temporis</strong></span> <span class='ocrx_word' id='word_1_294' title='bbox 859 1984 1077 2031; x_wconf 90' lang='lat' dir='ltr'><strong>quantum</strong></span> <span class='ocrx_word' id='word_1_295' title='bbox 1099 1976 1180 2018; x_wconf 87' lang='lat' dir='ltr'><strong>sibi</strong></span> <span class='ocrx_word' id='word_1_296' title='bbox 1198 1976 1418 2017; x_wconf 86' lang='lat' dir='ltr'><strong>diffiniunt</strong></span> <span class='ocrx_word' id='word_1_297' title='bbox 1441 1982 1484 2017; x_wconf 93' lang='lat' dir='ltr'><strong>et</strong></span> <span class='ocrx_word' id='word_1_298' title='bbox 1502 1976 1732 2031; x_wconf 90' lang='lat' dir='ltr'><strong>designant</strong></span> <span class='ocrx_word' id='word_1_299' title='bbox 1755 1990 1813 2018; x_wconf 84' lang='lat' dir='ltr'><strong>ex</strong></span> 
     </span>
     <span class='ocr_line' id='line_1_55' title="bbox 327 2046 1815 2102; baseline 0.002 -17"><span class='ocrx_word' id='word_1_300' title='bbox 327 2058 408 2086; x_wconf 86' lang='lat' dir='ltr'><strong>sua</strong></span> <span class='ocrx_word' id='word_1_301' title='bbox 429 2046 605 2096; x_wconf 76' lang='lat' dir='ltr'><strong>virtute,</strong></span> <span class='ocrx_word' id='word_1_302' title='bbox 626 2046 730 2100; x_wconf 90' lang='lat' dir='ltr'><strong>quia</strong></span> <span class='ocrx_word' id='word_1_303' title='bbox 754 2060 842 2087; x_wconf 91' lang='lat' dir='ltr'><strong>non</strong></span> <span class='ocrx_word' id='word_1_304' title='bbox 860 2053 925 2087; x_wconf 92' lang='lat' dir='ltr'><strong>est</strong></span> <span class='ocrx_word' id='word_1_305' title='bbox 947 2054 1070 2088; x_wconf 87' lang='lat' dir='ltr'><strong>actus</strong></span> <span class='ocrx_word' id='word_1_306' title='bbox 1089 2047 1182 2088; x_wconf 90' lang='lat' dir='ltr'><strong>sine</strong></span> <span class='ocrx_word' id='word_1_307' title='bbox 1205 2054 1328 2088; x_wconf 87' lang='lat' dir='ltr'><strong>motu</strong></span> <span class='ocrx_word' id='word_1_308' title='bbox 1347 2054 1390 2088; x_wconf 90' lang='lat' dir='ltr'><strong>et</strong></span> <span class='ocrx_word' id='word_1_309' title='bbox 1413 2060 1500 2088; x_wconf 89' lang='lat' dir='ltr'><strong>non</strong></span> <span class='ocrx_word' id='word_1_310' title='bbox 1524 2054 1590 2089; x_wconf 91' lang='lat' dir='ltr'><strong>est</strong></span> <span class='ocrx_word' id='word_1_311' title='bbox 1613 2047 1815 2102; x_wconf 86' lang='lat' dir='ltr'><strong>operacio</strong></span> 
     </span>
     <span class='ocr_line' id='line_1_56' title="bbox 327 2115 1022 2158; baseline 0.006 -4"><span class='ocrx_word' id='word_1_312' title='bbox 327 2115 419 2156; x_wconf 77' lang='lat' dir='ltr'><strong>sine</strong></span> <span class='ocrx_word' id='word_1_313' title='bbox 444 2115 544 2156; x_wconf 93' lang='lat' dir='ltr'><strong>Deo</strong></span> <span class='ocrx_word' id='word_1_314' title='bbox 563 2115 578 2138; x_wconf 68' lang='lat'><strong>⁹</strong></span> <span class='ocrx_word' id='word_1_315' title='bbox 602 2129 681 2158; x_wconf 91' lang='lat' dir='ltr'><strong>nec</strong></span> <span class='ocrx_word' id='word_1_316' title='bbox 704 2116 796 2158; x_wconf 92' lang='lat' dir='ltr'><strong>sine</strong></span> <span class='ocrx_word' id='word_1_317' title='bbox 818 2116 1022 2158; x_wconf 89' lang='lat' dir='ltr'><strong>termino.</strong></span> 
     </span>
    </p>
   </div>
   <div class='ocr_carea' id='block_1_17' title="bbox 389 2185 1877 2241">
    <p class='ocr_par' dir='ltr' id='par_1_20' title="bbox 389 2185 1877 2241">
     <span class='ocr_line' id='line_1_57' title="bbox 389 2185 1877 2241; baseline 0.001 -16"><span class='ocrx_word' id='word_1_318' title='bbox 389 2185 448 2226; x_wconf 89' lang='lat' dir='ltr'><strong>Et</strong></span> <span class='ocrx_word' id='word_1_319' title='bbox 472 2186 532 2225; x_wconf 88' lang='lat' dir='ltr'><strong>sic</strong></span> <span class='ocrx_word' id='word_1_320' title='bbox 553 2186 746 2227; x_wconf 83' lang='lat' dir='ltr'><strong>invenies</strong></span> <span class='ocrx_word' id='word_1_321' title='bbox 769 2187 1012 2239; x_wconf 86' lang='lat' dir='ltr'><strong>quamdam</strong></span> <span class='ocrx_word' id='word_1_322' title='bbox 1036 2186 1229 2240; x_wconf 84' lang='lat' dir='ltr'><strong>speciem</strong></span> <span class='ocrx_word' id='word_1_323' title='bbox 1253 2185 1568 2241; x_wconf 83' lang='lat' dir='ltr'><strong>vegetabilium</strong></span> <span class='ocrx_word' id='word_1_324' title='bbox 1594 2186 1810 2236; x_wconf 86' lang='lat' dir='ltr'><strong>nocivam,</strong></span> <span class='ocrx_word' id='word_1_325' title='bbox 1836 2200 1877 2232; x_wconf 86' lang='lat'><strong>30</strong></span> 
     </span>
    </p>
   </div>
   <div class='ocr_carea' id='block_1_18' title="bbox 384 2301 979 2351">
    <p class='ocr_par' dir='ltr' id='par_1_21' title="bbox 384 2301 979 2351">
     <span class='ocr_line' id='line_1_58' title="bbox 384 2301 979 2351; baseline -0.003 -11"><span class='ocrx_word' id='word_1_326' title='bbox 384 2301 395 2319; x_wconf 75' lang='lat'>¹</span> <span class='ocrx_word' id='word_1_327' title='bbox 425 2310 587 2351; x_wconf 86' lang='lat' dir='ltr'><strong>propter</strong></span> <span class='ocrx_word' id='word_1_328' title='bbox 605 2314 771 2351; x_wconf 83' lang='lat' dir='ltr'><strong>corpora</strong></span> <span class='ocrx_word' id='word_1_329' title='bbox 793 2302 979 2339; x_wconf 81' lang='lat' dir='ltr'><strong>humana.</strong></span> 
     </span>
    </p>
   </div>
   <div class='ocr_carea' id='block_1_19' title="bbox 383 2355 1876 2571">
    <p class='ocr_par' dir='ltr' id='par_1_22' title="bbox 383 2355 1803 2407">
     <span class='ocr_line' id='line_1_59' title="bbox 383 2355 1803 2407; baseline 0.001 -13"><span class='ocrx_word' id='word_1_330' title='bbox 383 2357 396 2376; x_wconf 72' lang='lat'><strong>²</strong></span> <span class='ocrx_word' id='word_1_331' title='bbox 428 2355 590 2403; x_wconf 90' lang='lat' dir='ltr'><strong>scilicet,</strong></span> <span class='ocrx_word' id='word_1_332' title='bbox 613 2357 824 2406; x_wconf 84' lang='lat' dir='ltr'><strong>plantatos.</strong></span> <span class='ocrx_word' id='word_1_333' title='bbox 959 2357 972 2375; x_wconf 74' lang='lat'><strong>³</strong></span> <span class='ocrx_word' id='word_1_334' title='bbox 1001 2369 1092 2406; x_wconf 83' lang='lat' dir='ltr'><strong>qua.</strong></span> <span class='ocrx_word' id='word_1_335' title='bbox 1206 2357 1217 2375; x_wconf 75' lang='lat'>⁴</span> <span class='ocrx_word' id='word_1_336' title='bbox 1249 2355 1349 2394; x_wconf 87' lang='lat' dir='ltr'><strong>sicut</strong></span> <span class='ocrx_word' id='word_1_337' title='bbox 1373 2355 1709 2407; x_wconf 76' lang='lat' dir='ltr'><strong>exemplificatum</strong></span> <span class='ocrx_word' id='word_1_338' title='bbox 1731 2364 1803 2395; x_wconf 82' lang='lat' dir='ltr'><strong>est.</strong></span> 
     </span>
    </p>

    <p class='ocr_par' dir='ltr' id='par_1_23' title="bbox 385 2409 1620 2461">
     <span class='ocr_line' id='line_1_60' title="bbox 385 2409 1620 2461; baseline 0 -12"><span class='ocrx_word' id='word_1_339' title='bbox 385 2411 397 2429; x_wconf 77' lang='lat'><strong>⁵</strong></span> <span class='ocrx_word' id='word_1_340' title='bbox 427 2410 589 2458; x_wconf 88' lang='lat' dir='ltr'><strong>scilicet,</strong></span> <span class='ocrx_word' id='word_1_341' title='bbox 611 2411 771 2461; x_wconf 85' lang='lat' dir='ltr'><strong>planete</strong></span> <span class='ocrx_word' id='word_1_342' title='bbox 792 2411 893 2449; x_wconf 89' lang='lat' dir='ltr'><strong>sicut</strong></span> <span class='ocrx_word' id='word_1_343' title='bbox 913 2410 1249 2461; x_wconf 76' lang='lat' dir='ltr'><strong>exemplificatum</strong></span> <span class='ocrx_word' id='word_1_344' title='bbox 1271 2418 1341 2449; x_wconf 85' lang='lat' dir='ltr'><strong>est.</strong></span> <span class='ocrx_word' id='word_1_345' title='bbox 1613 2409 1620 2414; x_wconf 61' lang='lat'><strong>⁴</strong></span> 
     </span>
    </p>

    <p class='ocr_par' dir='ltr' id='par_1_24' title="bbox 384 2465 1742 2516">
     <span class='ocr_line' id='line_1_61' title="bbox 384 2465 1742 2516; baseline -0.001 -11"><span class='ocrx_word' id='word_1_346' title='bbox 384 2466 396 2485; x_wconf 62' lang='lat' dir='ltr'><strong>a</strong></span> <span class='ocrx_word' id='word_1_347' title='bbox 427 2478 506 2516; x_wconf 89' lang='lat' dir='ltr'><strong>que</strong></span> <span class='ocrx_word' id='word_1_348' title='bbox 527 2465 662 2512; x_wconf 91' lang='lat' dir='ltr'><strong>virtus,</strong></span> <span class='ocrx_word' id='word_1_349' title='bbox 687 2465 852 2514; x_wconf 88' lang='lat' dir='ltr'><strong>scilicet,</strong></span> <span class='ocrx_word' id='word_1_350' title='bbox 875 2466 1047 2516; x_wconf 89' lang='lat' dir='ltr'><strong>planete.</strong></span> <span class='ocrx_word' id='word_1_351' title='bbox 1735 2490 1742 2494; x_wconf 89' lang='lat'>-</span> 
     </span>
    </p>

    <p class='ocr_par' dir='ltr' id='par_1_25' title="bbox 384 2519 1876 2571">
     <span class='ocr_line' id='line_1_62' title="bbox 384 2519 1876 2571; baseline -0.001 -12"><span class='ocrx_word' id='word_1_352' title='bbox 384 2521 398 2541; x_wconf 88' lang='lat'><strong>⁷</strong></span> <span class='ocrx_word' id='word_1_353' title='bbox 427 2533 498 2571; x_wconf 88' lang='lat' dir='ltr'><strong>per</strong></span> <span class='ocrx_word' id='word_1_354' title='bbox 517 2534 630 2559; x_wconf 83' lang='lat' dir='ltr'><strong>suam</strong></span> <span class='ocrx_word' id='word_1_355' title='bbox 651 2519 899 2559; x_wconf 85' lang='lat' dir='ltr'><strong>industriam.</strong></span> <span class='ocrx_word' id='word_1_356' title='bbox 1837 2537 1876 2568; x_wconf 80' lang='lat'><strong>35</strong></span> 
     </span>
    </p>
   </div>
   <div class='ocr_carea' id='block_1_20' title="bbox 331 2574 1815 2668">
    <p class='ocr_par' dir='ltr' id='par_1_26' title="bbox 331 2574 1815 2668">
     <span class='ocr_line' id='line_1_63' title="bbox 387 2574 1815 2626; baseline 0 -13"><span class='ocrx_word' id='word_1_357' title='bbox 387 2575 400 2595; x_wconf 70' lang='lat'>³</span> <span class='ocrx_word' id='word_1_358' title='bbox 430 2574 592 2624; x_wconf 90' lang='lat' dir='ltr'><strong>scilicet,</strong></span> <span class='ocrx_word' id='word_1_359' title='bbox 616 2588 686 2626; x_wconf 92' lang='lat' dir='ltr'><strong>per</strong></span> <span class='ocrx_word' id='word_1_360' title='bbox 708 2574 885 2614; x_wconf 80' lang='lat' dir='ltr'><strong>studium</strong></span> <span class='ocrx_word' id='word_1_361' title='bbox 909 2583 948 2614; x_wconf 88' lang='lat' dir='ltr'><strong>et</strong></span> <span class='ocrx_word' id='word_1_362' title='bbox 971 2574 1275 2625; x_wconf 58' lang='lat' dir='ltr'><strong>experiendam,</strong></span> <span class='ocrx_word' id='word_1_363' title='bbox 1301 2582 1342 2613; x_wconf 89' lang='lat' dir='ltr'><strong>ut</strong></span> <span class='ocrx_word' id='word_1_364' title='bbox 1364 2581 1472 2625; x_wconf 81' lang='lat' dir='ltr'><strong>patet</strong></span> <span class='ocrx_word' id='word_1_365' title='bbox 1494 2574 1535 2613; x_wconf 89' lang='lat' dir='ltr'><strong>in</strong></span> <span class='ocrx_word' id='word_1_366' title='bbox 1556 2575 1815 2614; x_wconf 86' lang='lat' dir='ltr'><strong>eonfeccione</strong></span> 
     </span>
     <span class='ocr_line' id='line_1_64' title="bbox 331 2629 634 2668; baseline -0.003 0"><span class='ocrx_word' id='word_1_367' title='bbox 331 2629 634 2668; x_wconf 86' lang='lat' dir='ltr'><strong>medicinarum.</strong></span> 
     </span>
    </p>
   </div>
   <div class='ocr_carea' id='block_1_21' title="bbox 389 2683 1175 2734">
    <p class='ocr_par' dir='ltr' id='par_1_27' title="bbox 389 2683 1175 2734">
     <span class='ocr_line' id='line_1_65' title="bbox 389 2683 1175 2734; baseline -0.001 -12"><span class='ocrx_word' id='word_1_368' title='bbox 389 2686 401 2705; x_wconf 66' lang='lat'><strong>‘³</strong></span> <span class='ocrx_word' id='word_1_369' title='bbox 430 2683 499 2734; x_wconf 84' lang='lat' dir='ltr'><strong>qui</strong></span> <span class='ocrx_word' id='word_1_370' title='bbox 521 2685 589 2723; x_wconf 87' lang='lat' dir='ltr'><strong>dat</strong></span> <span class='ocrx_word' id='word_1_371' title='bbox 610 2683 824 2723; x_wconf 80' lang='lat' dir='ltr'><strong>scienciam</strong></span> <span class='ocrx_word' id='word_1_372' title='bbox 846 2683 979 2723; x_wconf 81' lang='lat' dir='ltr'><strong>anime</strong></span> <span class='ocrx_word' id='word_1_373' title='bbox 1001 2696 1175 2723; x_wconf 87' lang='lat' dir='ltr'><strong>omnem.</strong></span> 
     </span>
    </p>
   </div>
  </div>
 </body>
</html>
