1908 3126
23 184 123 211 valour
135 183 192 210 and

24 227 136 245 success
150 218 178 245 in
192 217 279 245 strife.
316 239 325 248 .

207 533 249 566 93
266 535 297 558 a.

26 737 155 764 Another
169 737 267 763 makes

24 781 82 805 any
96 780 206 798 woman

28 806 152 839 thought
165 806 198 832 of
207 810 237 832 to

25 840 97 867 burn
110 841 153 867 for
166 840 230 866 love
243 840 275 866 of

24 875 73 901 the
86 875 194 901 bearer.

27 956 53 981 A
68 954 192 981 Chinese
206 953 285 986 plant

26 988 119 1016 which
133 988 232 1015 makes
244 997 260 1014 a

28 1033 93 1050 man
107 1022 242 1049 obedient

25 1059 84 1085 and
98 1056 221 1084 faithful.

33 1583 162 1610 Another
175 1592 275 1610 causes

29 1618 161 1651 languor.

209 1729 251 1762 93
270 1720 302 1752 b.

31 2002 162 2029 Another
175 2010 256 2029 cures

30 2037 145 2064 catarrh
158 2038 215 2063 and

33 2071 221 2104 melancholy,
237 2071 288 2097 Rc.

37 2499 62 2524 A
75 2499 155 2531 plant
169 2499 261 2525 which

34 2541 134 2559 causes
147 2533 225 2561 hate.

314 246 446 281 1stam
485 239 728 293 portaverit
766 238 846 280 erit
882 237 1003 289 levis,
1038 238 1216 292 probus,
1253 237 1380 288 letus,
1415 244 1459 280 et
1493 239 1668 280 audax:
1703 251 1803 280 cum

315 310 401 351 isto
434 324 540 351 vero
582 311 749 351 bonum
793 315 859 350 est
893 321 1090 362 pugnare
1125 307 1195 349 vel
1231 307 1419 362 litigare,
1451 308 1662 363 quoniam
1699 321 1805 349 suus

314 380 591 422 adversarius
615 378 883 434 subcumbit,
906 384 950 420 et
974 378 1070 432 ipse
1091 378 1135 419 in
1158 378 1248 419 suis
1270 378 1477 432 operibus
1498 370 1804 432 triumphabit.

376 450 436 492 Et
458 450 513 491 de
535 449 769 504 speciebus
799 449 1008 489 arborum
1032 454 1099 490 est
1121 449 1316 503 quedam
1341 449 1509 503 species
1530 462 1617 503 que
1642 448 1778 490 habet
1798 436 1804 493 1
1823 469 1840 499 5

315 521 518 576 cuspides
545 526 589 561 et
611 520 840 574 plantatur
862 525 907 561 et
928 518 1064 560 habet
1087 518 1191 560 folia
1212 519 1418 574 oblonga,
1445 525 1489 560 et
1511 518 1679 560 amittit
1700 517 1806 560 folia

314 605 395 632 sua
430 597 672 644 antequam
711 589 825 632 ferat
857 589 1000 635 flores,
1031 596 1076 632 et
1111 589 1247 631 habet
1282 594 1371 630 tres
1408 588 1537 630 flores
1574 588 1807 643 oblongos,

316 663 489 712 rubeos,
511 661 656 703 suavis
679 660 841 702 odoris.
905 659 993 714 Qui
1026 659 1146 713 ipsos
1174 659 1302 701 flores
1333 660 1540 708 comedit,
1576 658 1736 701 accidit
1768 658 1806 700 ei

317 714 428 773 risus
451 737 586 785 atque
609 731 835 786 gaudium.
900 729 989 784 Qui
1011 743 1116 771 vero
1138 729 1287 772 evellit
1311 743 1410 772 eam
1433 743 1533 771 curn
1557 729 1737 783 cuspide
1763 736 1808 771 et

317 802 444 852 foliis,
466 808 511 844 et
538 801 687 857 su'ggit
710 800 863 842 florem
889 801 1130 855 cogitando
1152 801 1209 842 de
1230 801 1376 855 aliqua
1398 814 1583 855 persona
1606 784 1807 849 feminea,
1829 818 1867 842 10
1895 813 1899 817 ·

318 872 423 915 facit
446 886 544 914 eam
568 872 773 914 succendi
797 872 838 912 in
854 865 1057 913 ‘amorem
1082 870 1189 924 ejus.
1252 908 1255 909 γ
1884 895 1908 938 a?

379 942 461 984 Est
485 950 530 985 et
551 942 634 984 alia
664 943 795 984 arbor
823 955 911 997 que
932 948 1116 984 vocatur
1137 943 1406 984 androsmon
1435 955 1524 996 que
1545 941 1742 987 nascitur
1764 941 1808 981 in
1859 947 1908 986 4·

318 1019 436 1055 terra
459 1013 552 1064 Sin,
576 1020 620 1055 et
645 1020 711 1054 est
733 1013 972 1066 complexa
993 1013 1162 1054 habens
1185 1012 1289 1054 folia
1306 1012 1421 1055 sicca
1444 1019 1488 1054 et
1510 1025 1646 1067 parva
1665 1000 1810 1061 nimis,

318 1093 363 1126 et
398 1084 565 1125 semina
604 1083 733 1124 nimis
765 1097 914 1137 parva,
945 1084 1148 1133 rotunda,
1179 1083 1442 1124 intrinsecus
1478 1082 1591 1124 alba.
1672 1080 1721 1122 Si
1758 1087 1807 1122 tu

318 1169 426 1209 ergo
455 1155 694 1209 sumpseris
726 1160 898 1209 septem
931 1168 1067 1208 grana
1099 1154 1157 1195 de
1188 1153 1430 1195 seminibus
1459 1153 1502 1194 in
1523 1152 1706 1206 nomine
1727 1151 1807 1192 ali·
1830 1150 1898 1202 15-'{

318 1225 444 1279 cujus
494 1238 695 1278 persone,
738 1230 782 1265 et
822 1224 996 1266 triveris
1037 1238 1089 1266 ea
1131 1224 1174 1265 in
1222 1224 1404 1266 nomine
1445 1224 1582 1278 ipsius
1624 1222 1669 1263 in
1710 1228 1809 1263 ortu

320 1292 514 1335 Luciferi
547 1301 591 1335 et
622 1293 819 1343 Veneris,
850 1294 911 1335 ita
944 1300 992 1335 ut
1024 1294 1156 1336 radiis
1187 1295 1383 1348 ipsorum
1416 1298 1604 1347 tangant
1634 1293 1742 1347 ipsa,
1773 1291 1809 1332 si

321 1363 495 1405 dederis
536 1363 574 1404 ei
622 1363 786 1417 bibere,
830 1363 1006 1413 seilicet,
1049 1363 1124 1405 illa
1172 1371 1344 1420 septem
1387 1377 1525 1417 grana
1567 1363 1684 1414 trita,
1733 1367 1810 1403 aut

320 1434 566 1485 comedere,
596 1434 873 1488 permanebit
904 1434 1039 1476 timor
1070 1441 1174 1476 tuus
1206 1441 1249 1475 et
1281 1448 1407 1476 amor
1435 1434 1478 1475 in
1508 1435 1642 1476 corde
1662 1446 1743 1475 suo
1766 1439 1811 1474 et

321 1517 497 1558 semper
518 1503 696 1545 obediet
719 1504 801 1545 tibi
824 1510 922 1545 toto
944 1510 1144 1558 tempore
1166 1505 1256 1547 vite
1278 1519 1368 1546 sue.
1604 1530 1606 1533 v
1672 1536 1674 1539 >
1831 1499 1879 1537 ²0²

382 1573 441 1614 Et
463 1574 519 1615 de
540 1573 771 1627 speciebus
788 1574 1038 1627 plantarum
1061 1581 1129 1617 est
1145 1576 1338 1628 quedam
1356 1575 1511 1630 planta
1528 1588 1613 1628 que
1628 1579 1810 1628 generat

1027 64 1108 95 122
1876 0 1908 220 1

315 168 523 224 palmites
545 169 826 211 exceduntur
857 182 990 224 super
1010 174 1187 220 terram,
1210 168 1335 223 cujus
1365 168 1474 210 odor
1495 168 1649 210 bonus.
1713 167 1803 223 Qui
1873 177 1908 247 »ὃς

1887 254 1908 298 τΣ

1877 1052 1903 1092 -.j

311 1643 563 1697 langorem,
581 1643 707 1698 cujus
726 1644 870 1698 cuspis
888 1644 1126 1698 plantatur,
1144 1645 1267 1699 cujus
1282 1645 1491 1700 palmites
1507 1644 1810 1687 extenduntur

325 1727 401 1767 per
423 1727 560 1755 unum
582 1713 835 1770 braffichium,
855 1714 978 1768 cujus
994 1714 1123 1756 flores
1146 1722 1248 1757 sunt
1270 1715 1361 1757 albi
1385 1716 1674 1773 precedentes
1695 1713 1812 1763 folia,

324 1798 411 1825 non
424 1784 566 1826 ferens
581 1784 785 1826 fructum.
832 1786 1084 1839 Proprietas
1101 1786 1237 1840 ipsius
1254 1793 1322 1828 est
1340 1785 1498 1827 Martis
1516 1791 1560 1827 et
1576 1783 1784 1826 Mercurii
1801 1798 1811 1836 ;
1880 1833 1886 1842 ,

323 1854 417 1908 ejus
430 1861 587 1896 natura
597 1862 663 1896 est
675 1856 804 1909 ignea
820 1863 863 1896 et
878 1869 1017 1897 aerea.
1061 1855 1150 1910 Qui
1167 1863 1315 1910 portat
1330 1856 1443 1898 hanc
1460 1856 1643 1898 herbam
1659 1867 1809 1897 secum
1831 1869 1869 1903 25
1887 1879 1890 1884 -

323 1939 551 1979 nunquam
573 1925 644 1967 illo
661 1933 862 1980 tempore
880 1926 962 1967 erit
978 1926 1069 1967 sine
1085 1926 1268 1981 langore
1285 1927 1425 1968 donec
1449 1926 1599 1968 reiciat
1624 1926 1778 1981 ipsam.

384 1995 466 2036 Est
494 1995 634 2037 eciam
665 1997 722 2037 de
749 2010 909 2051 genere
938 1996 1192 2050 plantarum
1222 1997 1415 2051 quedam
1440 1996 1578 2038 herba
1599 1997 1810 2046 sanativa,
1867 2034 1871 2037 .

322 2065 446 2118 cujus
475 2065 643 2106 semina
669 2067 950 2115 seminantur,
974 2067 1097 2120 cujus
1126 2067 1288 2108 racemi
1318 2074 1422 2108 sunt
1447 2067 1665 2122 quadrati,
1685 2067 1811 2122 cujus

323 2134 426 2176 folia
457 2141 560 2176 sunt
590 2136 793 2183 rotunda,
826 2136 950 2190 cujus
979 2135 1109 2178 flores
1144 2144 1247 2178 sunt
1279 2137 1452 2178 celestis
1486 2137 1657 2188 coloris,
1686 2136 1811 2191 cujus
1872 2153 1874 2155 ’

322 2204 490 2245 semina
522 2211 625 2246 sunt
658 2205 802 2255 rubea,
834 2206 958 2260 cujus
990 2208 1102 2248 odor
1132 2208 1290 2258 suavis,
1323 2207 1429 2248 boni
1461 2205 1656 2249 effectus.
1720 2205 1810 2261 Qui
1829 2219 1870 2253 30

322 2273 482 2320 biberit
499 2288 557 2315 ex
576 2289 626 2315 ea
640 2275 707 2315 vel
724 2276 975 2318 odoraverit
994 2277 1088 2330 ejus
1106 2277 1285 2318 odorem
1301 2277 1530 2319 sanabitur
1544 2277 1601 2318 de
1618 2282 1810 2319 cattarro

324 2343 393 2385 vel
425 2344 482 2386 de
517 2344 774 2386 melancolia
808 2352 852 2386 et
885 2346 941 2387 de
973 2346 1269 2388 sollicitudine
1307 2353 1352 2388 et
1388 2347 1443 2388 de
1476 2346 1636 2388 timore
1673 2353 1716 2387 et
1754 2346 1810 2387 de

324 2414 483 2455 frenesi
507 2420 551 2455 et
574 2414 745 2468 frigore,
765 2422 808 2456 et
831 2416 887 2456 de
911 2415 1062 2457 multis
1083 2416 1177 2456 aliis
1199 2415 1539 2458 infirmitatibus.
1597 2428 1605 2432 ·

387 2484 500 2527 Est¹
523 2483 681 2539 (eciam
707 2485 794 2527 alia
820 2486 974 2544 planta
1003 2500 1089 2540 que
1111 2486 1273 2528 dicitur
1303 2486 1535 2536 fertilidon,
1558 2486 1682 2541 cujus
1711 2499 1808 2539 pro-

326 2554 488 2606 prietas
508 2561 576 2596 est
598 2568 807 2609 generare
829 2556 981 2597 odium
1006 2563 1049 2598 et
1073 2556 1415 2610 contemptum.)
1829 2569 1867 2602 35

377 2646 386 2665 ¹
418 2646 544 2693 aliter,
564 2648 638 2686 hec
658 2655 819 2697 generat
839 2647 978 2687 odium
1002 2648 1059 2699 (ize
1080 2648 1234 2698 marg).

371 2744 408 2763 12
431 2735 640 2766 androsinon
658 2736 707 2773 (in
725 2737 852 2777 marg.)
939 2779 945 2782 ᾖ
990 2746 1076 2776 34-5
1103 2736 1256 2768 Omitted
1267 2736 1301 2766 r'n
1321 2736 1395 2769 MS.

1872 2975 1906 3126 ms„
1884 2912 1886 2916 ,
