1908 3126
996 75 1078 121 150

166 203 224 232 113
244 194 274 224 b.
292 185 348 226 de
371 197 555 225 numero
578 183 789 237 ipsorum.
850 181 946 223 Hec
970 188 1035 222 est
1059 180 1304 222 necessaria
1325 178 1550 220 ordinacio
1578 176 1582 234 Ι
1611 178 1654 219 in
1681 192 1782 233 pro-

293 255 495 309 positura
528 259 572 294 et
610 265 794 293 numero
828 252 904 304 qui
938 250 1099 292 dicitur
1132 255 1175 291 et
1210 249 1394 291 refertur
1428 250 1484 290 ad
1519 245 1782 304 numerum¹

8 338 232 377 nux-eumuna
295 326 378 366 sub
411 336 608 365 numero.
673 321 789 362 Dico
826 334 932 375 ergo
971 320 1302 362 ordinacionem
1341 318 1676 373 quadruplicem
1711 331 1784 358 ne-

5 374 157 439 {ssafssi-'gfffld
172 373 246 400 ⁰¹⁶¹*
297 394 532 436 cessariam
561 405 670 443 esse,
692 391 900 445 quoniam
925 389 1114 443 quilibet
1142 388 1264 430 locus
1291 389 1333 429 in
1360 395 1474 429 terra
1500 394 1567 430 est
1596 387 1786 446 quadru-

7 487 268 522 fikespaoeorthe
297 464 403 518 plex
443 463 485 504 in
520 461 615 516 ejus
653 459 918 509 differencia,
951 458 1128 509 scilicet,
1167 465 1283 510 retro
1318 464 1363 499 et
1397 464 1513 509 ante,
1547 458 1707 500 dextra
1742 463 1786 498 et
1806 478 1823 510 5

8 524 110 553 eam*
298 534 487 581 sinistra,
511 537 555 573 et
583 531 644 573 sic
675 536 777 571 sunt
803 529 973 584 species
1004 528 1155 570 mundi
1185 528 1386 569 similiter
1417 533 1622 581 quatuor,
1644 527 1788 568 oriens

299 602 506 645 occidens
540 600 745 643 meridies
778 605 822 641 et
854 599 1107 652 septentrio.
1172 597 1240 639 Sit
1266 599 1400 652 igitur
1431 597 1613 639 cuilibet
1640 610 1789 651 prece-

9 704 49 727 or,
64 695 146 721 {suot
161 694 232 725 four,
299 680 479 728 ptorum
496 671 512 695 2
534 677 693 726 quarta
715 683 818 725 pars
841 669 963 723 regni
987 669 1030 709 in
1053 668 1147 722 ejus
1170 668 1397 722 regimine,
1414 674 1459 710 et
1481 668 1517 708 si
1540 667 1605 709 vis
1631 666 1791 722 plures,

9 734 68 756 ‘⁶¹¹'
301 744 387 784 sint
429 743 596 790 decem,
643 739 856 794 quoniam
900 739 1054 780 decem
1097 745 1141 780 et
1183 744 1378 792 quatuor
1419 744 1520 778 sunt
1567 737 1791 792 perfecta;

300 813 511 868 quoniam
543 811 586 851 in
616 810 795 852 denario
828 816 895 850 est
924 822 1060 849 unum
1084 815 1128 850 et
1151 810 1240 850 duo
1268 815 1311 849 et
1338 814 1427 849 tres
1456 815 1501 850 et
1527 814 1733 862 quatuor,
1755 807 1791 848 si
1814 792 1878 850 10³fi

13 902 260 935 Tenisaperfect
302 897 408 938 ergo
441 881 660 935 colligeris
692 880 785 932 hec,
816 879 980 921 faciunt
1016 879 1182 920 decem.
1229 878 1552 920 ‘Decennarius
1585 890 1792 919 numerus
1876 866 1881 872 .

12 938 141 965 ”waben
303 960 371 995 est
409 950 628 1007 perfeccio
671 963 823 991 eorum
859 962 946 1002 que
981 949 1340 1003 complectuntur
1381 948 1723 1003 quaternarium.
1749 954 1793 988 et
1837 933 1846 940 ”

302 1021 645 1066 circumdabunt
668 1020 710 1060 in
732 1018 935 1060 numeris.

16 1115 245 1143 Letfflchcffief
365 1093 620 1147 Sequantur
660 1103 766 1144 ergo
809 1087 1053 1143 quemlibet
1097 1095 1403 1142 preceptorem
1447 1102 1503 1128 .Χ.
1542 1087 1708 1137 vicarii,
1751 1092 1795 1127 et
1870 1134 1908 1147 ·.

14 1150 287 1212 Rsst‘ssgfenfflo‘ffi'
304 1168 547 1216 sequantur
583 1159 832 1214 quemlibet
867 1159 1079 1200 vicarium
1116 1158 1321 1200 ductores
1357 1172 1427 1206 .x.‚
1466 1164 1511 1200 et
1551 1156 1796 1211 quemlibet
1819 1146 1879 1208 153³

306 1234 537 1275 ductorem
573 1245 629 1271 .Χ.
663 1229 833 1280 decani,
861 1235 905 1269 et
939 1235 1183 1282 sequantur
1214 1227 1460 1281 quemlibet
1493 1228 1713 1269 decanum
1739 1240 1796 1266 .Χ.

305 1302 523 1349 homines,
553 1298 738 1342 omnes3
771 1313 876 1353 ergo
903 1298 1108 1340 homines
1140 1296 1272 1338 sunt4
1305 1298 1346 1338 in
1381 1297 1586 1339 universo
1618 1303 1796 1338 centum

19 1393 94 1419 How
109 1398 281 1418 tosummou
309 1371 428 1414 milia
451 1376 764 1425 pugnatorum.
809 1367 1003 1422 Quando
1027 1381 1132 1422 ergo
1156 1367 1328 1422 indiges
1351 1367 1534 1409 servicio
1553 1381 1610 1407 .Χ.
1628 1365 1796 1407 milium

17 1426 257 1488 ῗὶῗοῗιέἳέῌῗῖωῃ
307 1443 515 1489 virorum,
552 1438 786 1481 convocari
820 1438 1036 1492 precipies
1074 1439 1130 1479 ad
1170 1437 1513 1491 expedicionem
1550 1435 1797 1479 faciendam
1857 1471 1875 1496 ·.·-

309 1517 619 1567 preceptorem
644 1522 795 1557 unum,
813 1514 857 1549 et
881 1514 1126 1561 sequantur
1147 1508 1292 1561 ipsum
1312 1522 1369 1548 .X.
1384 1507 1544 1558 vicarii,
1559 1513 1603 1548 et
1624 1505 1800 1548 venient
1823 1515 1863 1549 20'

309 1595 411 1624 cum
446 1579 645 1633 quolibet
667 1579 832 1619 vicario
859 1593 916 1618 .Χ.
941 1578 1161 1629 ductores,
1186 1584 1229 1618 et
1260 1591 1360 1618 cum
1392 1576 1592 1631 quolibet
1617 1577 1802 1618 ductore

182 1669 242 1699 ιη
260 1669 289 1691 a.
314 1667 372 1693 .Χ.
394 1651 560 1700 decani,
588 1647 593 1704 Ι
623 1649 698 1703 qui
722 1655 823 1690 sunt
847 1649 978 1699 mille,
1002 1656 1045 1689 et
1069 1649 1247 1690 venient
1277 1661 1377 1688 cum
1401 1646 1604 1701 quolibet
1632 1646 1803 1687 decano

316 1737 371 1764 .Χ.
404 1721 609 1762 homines
648 1726 934 1774 pugnatoreS,
967 1718 1135 1761 faciunt
1167 1732 1272 1773 ergo
1305 1718 1347 1759 in
1382 1731 1557 1759 summa
1591 1731 1649 1758 .Χ.
1684 1716 1804 1758 milia

25 1809 99 1835 How
116 1815 286 1835 tosumnwn
316 1799 602 1848 pugnatores.
668 1790 728 1831 Et
752 1791 786 1830 si
810 1790 1008 1844 indigeas
1034 1789 1152 1831 mille
1175 1788 1478 1837 bellatoribus,
1494 1787 1708 1843 precipies
1731 1786 1804 1827 uni

23 1853 76 1870 one
92 1844 243 1871 ²h0¹¹⁵³'¹d'
312 1862 573 1903 vicariorum
601 1867 643 1901 et
667 1860 842 1901 venient
873 1873 972 1901 cum
1003 1874 1055 1901 eo
1078 1874 1134 1902 .Χ.
1159 1860 1381 1908 ductores,
1404 1865 1448 1899 ct
1474 1871 1575 1900 cum
1605 1857 1806 1911 quolibet
1827 1873 1878 1906 25r

315 1933 501 1973 ductore
525 1945 583 1971 .X.
607 1930 780 1979 decani,
803 1938 847 1971 et
879 1943 979 1970 cum
1015 1929 1215 1983 quolibet
1244 1930 1416 1970 decano
1442 1942 1498 1969 .Χ.
1523 1934 1807 1982 pugnatores.

25 2015 240 2045 orahundred,
317 2009 418 2043 sunt
443 2015 549 2056 ergo
572 2001 615 2041 in
638 2014 811 2041 summa
836 1999 956 2042 mille
980 1999 1229 2058 bellatores.
1275 1999 1336 2039 Et
1354 1999 1390 2040 si
1408 1998 1609 2052 indigeas
1628 2004 1806 2038 centum

316 2071 623 2121 bellatoribus,
646 2070 863 2125 precipies
894 2071 966 2110 uni
994 2070 1229 2111 ductorum
1262 2076 1307 2110 ut
1337 2082 1433 2110 cum
1460 2080 1523 2109 ·eo
1544 2067 1724 2109 veniant
1746 2081 1805 2108 .x.

316 2142 488 2189 decani,
512 2148 556 2181 et
589 2154 690 2182 cum
725 2140 925 2194 quolibet
958 2140 1130 2181 decano
1160 2148 1217 2180 .Χ.
1243 2145 1526 2193 pugnatores,
1549 2137 1625 2192 qui
1655 2151 1808 2179 omnes

30 2235 133 2258 ortui.
319 2213 484 2254 faciunt
517 2219 709 2252 centum.
774 2211 832 2251 Et
865 2211 899 2250 si
934 2210 1133 2264 indigeas
1158 2224 1218 2251 .Χ.
1240 2207 1530 2250 bellatoribus
1556 2207 1623 2249 vel
1650 2208 1807 2262 prelia·
1829 2220 1869 2253 30

320 2282 490 2324 toribus
524 2280 738 2335 precipies
772 2281 846 2320 uni
880 2281 1051 2321 decano
1083 2287 1125 2321 ct
1147 2280 1326 2320 venient
1355 2292 1454 2319 cum
1478 2276 1568 2332 (eo)
1592 2292 1650 2320 .Χ.
1674 2277 1809 2319 bella-

320 2360 450 2394 tores.

35 2434 257 2467 Bythismeam
384 2421 434 2461 In
467 2421 552 2462 hoc
585 2435 690 2474 ergo
724 2427 929 2475 parcetur
962 2420 1041 2461 tibi
1076 2420 1118 2459 in
1154 2419 1362 2472 expensis
1395 2425 1438 2459 et
1466 2411 1743 2466 victualibus,
1766 2425 1809 2458 et

33 2477 105 2501 your
117 2477 240 2500 expense

35 2502 139 2528 wambe
154 2503 293 2529 lessened.
323 2491 602 2533 alleviaberis
626 2498 669 2531 et
693 2491 976 2544 consequeris
998 2490 1119 2543 quod
1149 2490 1373 2530 desideras
1396 2488 1437 2528 in
1462 2486 1696 2541 proposito
1719 2494 1810 2536 tuo,

381 2601 391 2621 ¹
423 2600 524 2639 sicut
546 2608 684 2650 postea
705 2599 879 2650 exponit,
899 2607 940 2637 ut
963 2599 1103 2638 decen]
1126 2597 1310 2637 homines
1332 2596 1407 2636 sub
1429 2608 1510 2635 uno
1532 2595 1687 2634 decano
1708 2604 1784 2637 ete.
1835 2607 1875 2642 35

379 2657 392 2677 ²
423 2655 463 2694 id
485 2663 555 2702 est,
579 2669 717 2694 eorum
738 2654 806 2705 qui
827 2654 1063 2704 precipiunt.

381 2711 394 2731 ³
424 2709 586 2757 scilicet,
611 2711 651 2747 in
671 2709 754 2748 istis
776 2708 964 2747 numeris,
1239 2709 1252 2728 ⁴
1280 2705 1363 2757 apti
1383 2706 1433 2744 ad
1455 2704 1618 2744 bellum.
