1908 3126
1048 49 1102 89 94
1892 0 1902 137 ]

326 172 484 212 corpus
507 169 633 197 suum
657 167 757 195 cum
782 152 921 193 saldel
944 151 1147 192 confecto
1164 150 1177 173 ¹
1204 158 1247 192 et
1271 149 1483 204 fumigare
1510 162 1609 190 curn
1634 147 1820 188 incensis
1900 195 1902 198 .

327 228 494 282 frigidis
524 233 568 267 et
600 223 842 266 odoriferis.
910 222 1009 263 Hec
1041 229 1106 262 est
1139 221 1354 275 siquidem
1390 218 1615 261 ebrietatis
1648 217 1820 271 optima
1898 215 1903 296 1

328 297 559 339 medicina.
1541 311 1543 314 ⁴
1899 301 1903 340 ἰ

386 367 454 408 De
478 366 599 408 modo
622 364 828 406 mutandi
845 362 1209 405 consuetudinem.
1651 361 1655 364 '
1899 347 1903 369 ¹

34 414 250 475 ιξῖῑοῖἶιεωυιεῗὲῗ
390 438 437 480 Si
472 438 570 490 quis
605 435 815 489 proponit
849 433 1026 487 penitus
1058 433 1125 474 vel
1161 446 1218 473 ex
1252 439 1350 473 toto
1384 422 1819 484 relinquere-potum
1841 444 1858 476 5

37 483 125 509 wine:

35 517 270 557 ‚firstusegrape-
328 508 427 560 vini,
460 520 548 548 non
583 506 719 546 debet
757 504 906 546 subito
949 504 1006 545 ab
1045 516 1126 544 usu
1168 502 1345 556 penitus
1372 501 1458 542 vini
1488 499 1720 548 abstinere,
1753 504 1820 539 set

32 561 120 585 Μεθ’
219 602 260 635 74
278 605 306 627 a.
329 578 544 634 paulatim
580 577 636 618 de
673 582 782 629 potu
819 575 909 615 vini
944 574 1001 615 ad
1039 579 1196 627 potum
1240 586 1323 614 uve
1361 584 1491 625 passe
1527 569 1715 612 transire
1743 567 1747 623 1
1776 575 1820 609 et
1901 580 1904 655 i

36 649 104 709 {3¹52
119 646 265 708 {iisssssseaissd
327 649 489 689 exinde
510 646 751 701 adjungere
773 659 937 699 aquam
954 643 1173 698 paulatim
1190 657 1276 683 una
1292 642 1387 683 vice
1405 648 1506 696 post
1523 641 1656 682 aliam
1680 641 1820 680 donec

36 722 223 743 ‘mmmm‘-
326 719 474 760 veniat
498 718 554 759 ad
585 730 742 770 puram
770 729 946 769 aquam,
984 714 1087 768 quia
1116 727 1195 766 per
1229 714 1361 754 istum
1390 712 1592 754 ordinem
1623 717 1820 751 servatur
1900 762 1905 770 ¹.

326 788 585 843 complexio
608 793 762 827 nature
780 800 804 827 a
827 785 1037 838 gravibus
1060 783 1379 837 egritudinibus
1403 789 1446 823 et
1470 781 1636 823 futuris.
1675 773 1679 776 Δ
1843 789 1905 822 ΙΟυ

37 940 75 989 P
389 936 640 992 Capitulum
664 946 746 990 .25.
772 935 823 976 de
844 934 931 975 ln‘is
953 947 1032 987 que
1058 933 1345 974 corroborant
1370 939 1521 986 corpus
1541 938 1584 972 et
1602 938 1757 981 cetera,
1779 937 1821 971 et
1855 943 1864 950 ’
1900 928 1905 975 vl

325 1016 391 1050 est
425 1009 499 1049 lloc
530 1007 768 1060 capitulum
800 1004 946 1047 simile
976 1003 1166 1059 capitulo
1197 1016 1279 1053 .14.
1313 1009 1379 1044 set
1402 1003 1505 1056 quia
1533 1002 1696 1056 optima
1716 991 1821 1042 runt
1895 978 1905 1031 l

324 1079 580 1120 documenta
602 1076 692 1117 ideo
715 1077 858 1123 iterat,
881 1075 978 1116 licet
996 1075 1084 1115 alio
1108 1074 1240 1124 modo,
1259 1080 1300 1114 et
1320 1073 1447 1114 addit
1466 1071 1650 1125 quedam
1672 1078 1715 1112 et
1727 1071 1820 1112 alia

331 1148 506 1190 minuit.

35 1262 300 1323 {ffiossgffiome
428 1254 513 1296 Ost
550 1254 631 1294 hec
667 1253 817 1306 itaque
859 1252 1085 1292 sciendum
1122 1258 1188 1292 est
1224 1252 1343 1305 quod
1382 1251 1575 1303 quedam
1609 1249 1817 1290 alimenta
1840 1268 1903 1314 15s

34 1318 306 1364 weakssmthgbody-
429 1326 484 1366 de
506 1324 591 1364 hiis
613 1324 880 1364 coroborant
904 1329 949 1363 et
980 1321 1261 1375 impinguant
1285 1329 1329 1362 et
1362 1321 1556 1374 quedam
1581 1325 1818 1368 macerant,

327 1402 370 1436 et
407 1395 598 1448 quedam
634 1393 893 1433 humectant
931 1399 975 1433 et
1009 1393 1202 1445 quedam
1248 1392 1481 1442 desiccant,
1521 1391 1714 1444 quedam
1751 1403 1819 1430 res

327 1467 436 1507 dant
459 1472 502 1505 et
525 1464 715 1505 reddant
738 1463 910 1515 corpori
939 1463 1137 1517 vigorem
1169 1470 1211 1504 et
1239 1462 1596 1516 pulcritudinem,
1624 1461 1816 1514 quedam

36 1540 267 1601 STtlssgggttg‘eiffie
327 1541 538 1590 generant
563 1533 787 1587 pigriciem
813 1539 855 1574 et
879 1533 1173 1586 tepiditatem.
1240 1533 1306 1573 Ea
1324 1532 1542 1586 siquidem
1565 1545 1651 1584 que
1674 1531 1817 1584 ipsum

36 1596 134 1642 body-³
328 1616 487 1656 corpus
520 1600 810 1642 corroborant
843 1608 945 1641 sunt
977 1600 1189 1641 alimenta
1221 1600 1514 1661 suavia-levia
1551 1613 1628 1640 sue
1665 1605 1819 1640 nature
1839 1615 1880 1639 σο

326 1672 653 1721 conveniencia,
676 1671 855 1725 quando
888 1678 1123 1712 sumuntur
1154 1677 1357 1724 tempore
1393 1670 1664 1723 competenti
1698 1676 1741 1710 et
1774 1669 1816 1709 in

327 1742 437 1783 hora
478 1741 754 1782 necessitatis
796 1741 909 1781 sicut
949 1740 1239 1795 prediximus.
1296 1741 1362 1782 Ea
1398 1754 1502 1781 vero
1543 1753 1629 1792 que
1671 1740 1817 1793 ipsum

326 1826 487 1866 corpus
510 1812 792 1866 impinguant
816 1818 859 1852 et
878 1811 1137 1852 humectant
1158 1819 1259 1852 sunt
1283 1811 1363 1852 hec
1382 1827 1389 1850 :
1424 1811 1595 1865 requies
1611 1810 1819 1865 corporis,

326 1883 473 1924 leticia
497 1882 671 1931 mentis,
690 1881 885 1934 jocunda
907 1882 1106 1931 societas,
1131 1889 1174 1923 et
1198 1882 1361 1922 cibaria
1383 1880 1527 1922 calida
1551 1887 1594 1921 et
1620 1880 1819 1930 humida,

328 1953 507 2007 potacio
529 1952 619 1993 vini
643 1950 793 2002 dulcis,
816 1959 860 1992 et
882 1952 1080 2005 sumpcio
1104 1952 1246 1993 mellis
1263 1951 1431 1993 humidi
1455 1951 1574 2005 quod
1599 1949 1818 2004 colligitur
1839 1968 1877 2001 25

37 2046 238 2079 sieeponsost
328 2032 369 2064 et
407 2023 598 2064 nutritur
636 2023 678 2063 in
716 2022 822 2063 locis
866 2022 1047 2075 privatis
1087 2023 1128 2062 in
1173 2022 1297 2063 caule
1335 2020 1527 2076 geldel2.
1594 2020 1654 2062 Et
1688 2020 1817 2062 nichil

36 2081 115 2107 ΜΞ·
327 2100 500 2135 tantum
544 2092 661 2134 valet
703 2093 759 2133 ad
799 2093 883 2133 hoc
926 2099 1143 2146 quantum
1188 2092 1402 2133 dormicio
1439 2088 1540 2146 post
1581 2091 1815 2146 prandium

216 2182 257 2215 74
274 2174 305 2205 b.
328 2178 459 2218 super
477 2163 624 2204 suavia
646 2163 859 2204 stramina
883 2163 925 2203 in
948 2163 1055 2203 locis
1077 2154 1255 2217 frigidis,
1270 2169 1313 2203 et
1336 2159 1541 2218 balnelari
1560 2162 1603 2207 in
1620 2161 1818 2202 balneis³²

36 2243 241 2270 Warrnbaths-
328 2234 483 2275 calidis
518 2240 562 2273 et
600 2247 756 2287 parum
800 2240 917 2274 stare
957 2233 1001 2273 in
1044 2233 1209 2274 eisdem
1254 2246 1306 2273 ne
1349 2232 1588 2273 humiditas
1621 2231 1817 2286 corporis

382 2362 391 2380 ¹
424 2358 464 2398 id
487 2366 557 2406 est,
580 2371 672 2396 cum
695 2365 904 2409 unguento
923 2358 974 2396 de
995 2357 1168 2405 salidale‚
1194 2371 1343 2396 nomen
1365 2357 1594 2397 Arabicum.
1835 2371 1878 2402 30

381 2414 394 2434 ²
425 2427 574 2453 nomen
595 2421 654 2452 est
674 2414 891 2452 arabicum.
1604 2419 1611 2424 ‘

382 2470 395 2490 ⁸
423 2468 546 2515 aliter,
569 2467 696 2518 aquis.

375 2602 410 2622 11
438 2591 593 2632 Chapter
610 2589 669 2621 lxi.
693 2589 728 2622 V.

371 2715 391 2743 4
418 2702 497 2734 Side
514 2705 586 2733 note
601 2713 608 2734 :
629 2703 825 2732 ‘memento
835 2699 1053 2731 narracionis
1067 2699 1255 2739 Guillelmi,
1269 2700 1312 2731 de
1329 2699 1580 2731 consuetudine
1597 2699 1815 2732 amovendo.’
