1908 3126
800 150 852 193 77

90 250 325 304 juvencula
378 261 530 306 parata
583 254 834 307 monilibus,
875 264 1028 300 ornata
1070 261 1199 301 variis
1251 261 1485 314 coloribus,
1528 273 1574 306 ut

95 327 308 374 appareat
331 321 583 365 hominibus
606 325 647 364 in
673 324 785 367 festo
809 327 1013 380 nupciali.
1045 328 1049 383 l

152 390 243 432 Ver
264 391 378 431 enim
409 400 474 434 est
502 393 691 435 calidum
722 401 766 436 et
793 395 1024 438 humidum
1058 406 1102 440 et
1130 406 1453 455 temperatum:
1485 404 1573 444 aeri
1593 410 1632 440 62
1651 421 1680 442 a.

93 459 235 501 simile
257 467 337 512 est,
360 469 402 503 et
425 463 646 504 excitatur
675 465 717 505 in
749 479 801 506 eo
827 468 1003 521 sanguis
1026 476 1069 510 et
1093 469 1356 512 diffunditur
1379 487 1455 526 per
1478 474 1573 514 uni-
1593 459 1847 526 Ess¹r²1151g¹fa¹⁵¹ie⁵⁰f

57 539 75 572 5
92 543 218 571 versa
247 532 446 572 membra
472 535 677 588 corporis.
742 535 803 576 Et
832 535 1004 588 proficit
1027 538 1069 578 in
1098 553 1151 580 eo
1168 538 1181 562 1
1211 554 1341 583 omne
1364 545 1483 596 quod
1507 552 1571 586 est

92 600 234 641 simile
256 601 294 642 ei
318 608 361 642 et
384 602 553 655 equalis
575 604 909 657 complexionis,
926 607 968 647 id
989 614 1066 657 est,
1084 615 1393 664 temperatum.
1439 613 1573 656 Dicta
1592 624 1799 664 Suigablefood
1820 627 1861 653 for

93 670 226 722 igitur
259 671 300 712 in
329 671 406 713 tali
439 680 641 728 tempore
674 676 729 715 sit
761 682 1024 729 temperata,
1047 685 1089 719 et
1117 674 1250 721 ta'lia2
1273 683 1314 722 in
1345 697 1397 724 eo
1427 697 1574 726 come-
1592 658 1786 693 Sprmg-nme.

92 740 252 782 dantur
284 748 332 782 ut
364 750 476 791 sunt,
499 743 680 796 scilicet,
703 745 808 798 pulli
842 745 1117 799 gallinarum,
1140 756 1183 790 et
1215 754 1504 803 conturnices,
1530 763 1572 797 et

91 822 186 851 ova.
220 824 307 851 non
341 812 561 866 superflue
598 821 664 855 set
700 829 839 868 usque
872 818 927 857 ad
964 831 1060 869 seX‚
1092 827 1136 860 et
1170 820 1341 862 lactuce
1375 832 1572 878 agrestes

33 894 73 918 10
90 891 200 932 quas
223 881 370 922 rustici
393 888 550 923 vocant
573 884 791 929 scariolas.
816 892 860 926 et
883 886 948 927 lac
970 888 1210 940 caprinum.

149 948 332 990 Nullum
365 952 480 992 enim
509 959 685 1007 tempus
716 962 782 996 est
817 955 971 997 melius
1004 964 1046 998 et
1081 959 1229 1000 utilius
1258 963 1314 1002 ad
1346 964 1571 1017 sanguinis
1588 972 1728 1040 {Tffiffgsffl
1742 973 1824 1002 blood

91 1018 399 1067 minucionem,
417 1029 461 1062 et
483 1022 657 1074 proficit
680 1024 721 1064 in
746 1038 798 1066 eo
821 1039 923 1066 usus
945 1027 1116 1068 veneris
1140 1035 1182 1076 et
1206 1036 1352 1072 motus
1375 1035 1569 1087 corporis
1693 1028 1698 1039 ’

87 1094 131 1129 θῖ
171 1089 339 1131 solucio
373 1092 547 1142 ventris,
588 1107 690 1133 usus
731 1095 877 1136 balnei
921 1103 964 1136 et
1005 1098 1198 1146 sudores,
1236 1106 1278 1140 et
1321 1103 1566 1154 specierum
1588 1115 1678 1148 hams,

87 1158 297 1210 pociones
338 1161 394 1201 ad
438 1162 725 1214 digerendum
768 1170 810 1204 et
857 1167 1112 1220 purgatoria
1154 1169 1411 1223 accipienda
1453 1181 1566 1215 sunt.
1587 1184 1768 1217 audpurges-

30 1239 67 1273 15
88 1225 313 1282 Quicquid
346 1235 493 1272 autem
527 1233 681 1273 erroris
716 1247 794 1286 per
825 1235 1149 1289 digestionem3
1182 1239 1274 1280 sive
1312 1254 1389 1293 per
1427 1243 1567 1283 minu-

86 1297 256 1338 cionem
271 1297 288 1321 4
310 1306 353 1340 et
376 1313 507 1341 causa
532 1303 747 1342 medicine
765 1304 988 1354 acciderit,
1008 1306 1090 1346 hoc
1109 1314 1283 1362 tempus
1302 1309 1568 1353 humiditate

86 1380 164 1408 sua
187 1374 231 1409 et
252 1368 484 1411 habilitate
507 1378 735 1414 restaurat.

147 1494 397 1549 Capitulum
420 1498 693 1540 nndecimmn
709 1500 761 1540 de
776 1507 912 1542 estate
927 1509 969 1542 et
984 1504 1196 1556 regimine
1216 1507 1430 1549 sanitatis
1447 1510 1491 1550 ill
1508 1525 1565 1551 eo.

1585 1558 1716 1584 Summer
1729 1558 1828 1592 begins

100 1581 305 1688 EStas
322 1591 427 1626 tunc
445 1586 598 1639 incipit
617 1589 796 1640 quando
814 1588 890 1630 Sol
909 1589 1155 1644 ingreditur
1170 1593 1361 1645 primum
1378 1598 1483 1649 grad
1492 1613 1562 1639 um
1585 1592 1665 1618 When
1681 1592 1728 1618 ‘he
1742 1592 1801 1619 ΞΜ

25 1670 65 1692 20

1583 1631 1676 1652 enters
1689 1626 1798 1654 Cancer

206 1652 363 1695 Cancri
400 1661 444 1696 et
475 1657 670 1698 continet
703 1670 784 1709 .92.
820 1659 912 1699 dies
945 1668 988 1701 et
1021 1673 1103 1716 .23.
1137 1661 1269 1704 horas
1302 1671 1345 1706 et
1380 1667 1561 1708 terciam
1582 1660 1853 1727 ‘ggffissffr‘ffaissddaw

82 1728 253 1774 partem
268 1722 283 1745 ⁵
306 1723 412 1765 hore
445 1726 582 1778 unius,
605 1727 689 1768 hoc
719 1735 785 1770 est
807 1743 832 1768 a
855 1740 934 1782 .23.
957 1730 1027 1770 die
1055 1730 1176 1783 junii
1194 1731 1209 1755 ⁶
1233 1746 1372 1787 usque
1404 1737 1460 1777 ad
1483 1749 1563 1788 ,24
1583 1728 1834 1756 ²⁰¹¹¹i¹¹⁰oe⁵fr0¹¹¹

1581 1763 1657 1795 June
1672 1773 1703 1796 ²3
1717 1768 1746 1790 to

80 1791 199 1833 diem
225 1792 536 1847 Septemb1·is.⁷
598 1796 647 1837 In
671 1797 754 1838 hoc
772 1799 887 1838 enirn
906 1806 1107 1852 tempore
1129 1800 1394 1855 elongantur
1420 1805 1425 1859 Ι
1458 1807 1562 1857 dies,
1582 1796 1802 1864 {Zpss'nbefu‘

80 1861 360 1904 abreviantur
382 1870 546 1906 noctes.
588 1865 641 1905 In
666 1867 873 1908 omnibus
891 1868 1143 1921 regionibus
1165 1880 1364 1914 crescunt
1381 1875 1562 1928 calores,
1580 1886 1642 1912 The
1656 1887 1796 1914 effectsos

1579 1920 1710 1947 Summer
1723 1930 1758 1948 ou

79 1930 411 1974 inflammantur
431 1935 562 1985 venti,
585 1936 883 1990 tranquillitas
908 1945 975 1978 est
999 1938 1040 1978 in
1066 1939 1186 1987 mari,
1208 1950 1446 1994 nascuntur
1472 1960 1560 1987 ser·
1581 1954 1701 1981 Nature.

41 2007 250 2054 5pentes‚
284 2001 527 2045 funduntur
559 2017 736 2054 venena,
771 2008 983 2048 serenitas
1015 2007 1057 2047 in
1094 2021 1194 2050 aere
1228 2011 1561 2066 multiplicatur,

78 2071 354 2112 desiccantur
384 2080 565 2127 segetes,
589 2076 929 2118 corroborantur
957 2090 1192 2130 corporum
1218 2080 1415 2132 virtutes,
1438 2093 1482 2125 et
1514 2085 1561 2126 fit

133 2188 140 2207 ¹
172 2187 334 2236 scilicet,
358 2189 535 2227 humano
556 2189 723 2240 corpori.

131 2241 143 2262 ²
171 2241 211 2281 id
233 2250 302 2290 est,
326 2251 556 2294 temperata.
889 2247 901 2265 ³*
932 2245 1107 2284 nimiam.

130 2297 143 2318 ⁴
171 2298 243 2344 vel,
267 2311 335 2348 per
356 2297 635 2338 inanicionem.
914 2301 927 2321 ⁵
958 2313 1036 2351 que
1057 2309 1115 2340 est
1136 2316 1214 2340 .20.
1239 2306 1401 2345 minuta.

36 2361 58 2383 0
128 2352 141 2372 ⁶
171 2353 222 2390 de
243 2365 322 2402 qua
342 2360 445 2392 estas
476 2366 557 2392 non
589 2353 708 2393 habet
739 2355 813 2394 nisi
844 2363 920 2394 tres
950 2362 1109 2406 quartas
1138 2356 1255 2397 unius
1278 2360 1385 2409 hore,
1408 2362 1559 2404 scilicet

75 2418 150 2456 ‚45.
174 2406 338 2446 minuta.
358 2426 360 2428 ·

128 2462 142 2483 '¹
169 2462 220 2500 de
250 2475 328 2512 qua
351 2477 427 2511 .24.
449 2463 515 2503 die
554 2464 674 2504 habet
700 2473 803 2504 estas
827 2464 935 2518 .<22>.
959 2466 1074 2506 horas
1102 2473 1140 2505 et
1165 2479 1242 2518 .35.
1266 2470 1419 2510 minuta
1448 2473 1554 2522 hore,

72 2516 166 2566 quia
204 2529 286 2555 non
325 2528 531 2559 remanent
569 2521 620 2559 de
660 2520 725 2559 illa
756 2520 821 2560 die
859 2520 933 2559 nisi
974 2523 1070 2561 hora
1104 2529 1141 2560 et
1173 2534 1251 2572 .25.
1289 2524 1441 2565 minuta
1479 2541 1557 2578 que

71 2571 269 2610 debentur
287 2580 521 2624 autumpno.

74 2715 85 2723 ,
119 2665 160 2712 18
183 2682 336 2723 Chapter
352 2684 431 2715 xliv.
455 2685 491 2717 V.
660 2697 704 2718 20
727 2687 793 2730 923
809 2688 906 2727 days.
956 2687 1047 2720 Com.
1070 2689 1163 2730 Nat„
1186 2701 1218 2730 p.
1238 2702 1312 2730 420.

118 2794 156 2824 ¹3
180 2785 325 2825 sudoris,
345 2796 424 2817 corr.
442 2790 473 2817 to
489 2787 632 2818 sudores
766 2798 808 2818 22
833 2789 935 2826 diem,
954 2789 1050 2820 iterat
1067 2790 1139 2822 MS.
