1908 3126
33 210 68 260 b
191 218 230 250 32
250 210 280 242 b.

34 357 206 385 Dedication
221 358 259 390 by

31 392 136 419 Arabic
148 392 250 419 writer.

35 793 112 820 Title
126 794 158 820 of
168 794 215 820 the

35 828 121 855 book.

36 935 125 962 Made
139 937 180 962 sor

36 970 198 996 Alexander

35 1141 74 1172 by
88 1139 224 1167 Aristotle
240 1140 268 1166 in

35 1175 79 1200 his
93 1174 140 1200 old
153 1184 217 1207 age.

40 1500 135 1527 Praise
149 1501 181 1527 of

38 1535 182 1562 Aristotl'e.

198 1781 237 1813 33
256 1783 286 1805 a.

43 1987 175 2014 Counted
189 1994 294 2019 among

43 2022 90 2049 the
104 2021 249 2055 prophets.

45 2266 241 2300 Peripatetics.

44 2334 184 2362 Aristotle
198 2334 283 2361 taken

46 2378 84 2403 up
98 2374 127 2395 to
141 2370 258 2395 heaven.

1042 84 1096 137 36

387 198 636 251 Capitulum
644 199 844 252 primum
868 197 1106 252 deprologo
1124 196 1352 252 czgjusdam
1373 197 1560 238 doctoris
1582 197 1628 238 in
1648 209 1814 238 comen-

322 268 502 310 dacione
522 269 562 309 A
570 268 788 310 rz'ssolz'lis.

1619 326 1624 332 .
1904 314 1908 330 ι

518 357 608 397 Eus
640 356 924 411 omnipotens
953 357 1176 398 custodiat
1208 370 1355 410 regem
1390 361 1590 397 nostrum
1625 354 1812 410 gloriam
1900 336 1908 395 ⁴:

328 358 820 547 Deredencium,
829 435 872 468 et
895 426 1127 468 confirmet
1151 441 1334 480 regnum
1364 439 1493 468 suum
1517 426 1573 467 ad
1595 425 1810 467 tuendam
1862 427 1864 430 ’
1902 414 1908 450 l

515 497 661 552 legem
690 497 882 538 divinam
912 503 955 538 et
987 511 1125 547 suam,
1160 504 1203 538 et
1234 497 1472 552 perdurare
1501 486 1637 538 faciat
1665 496 1810 550 ipsum
1831 509 1850 543 5

321 569 376 610 ad
403 568 691 610 exaltandam
717 567 932 609 honorem
956 574 999 608 et
1023 567 1201 608 laudem
1225 569 1458 609 bonorum.

383 639 483 693 Ego
521 652 625 679 suus
660 637 854 679 serviens
887 643 1099 679 executus
1134 624 1394 679 mandatum
1426 636 1534 678 mihi
1570 612 1812 691 injunctum

324 709 428 750 dedi
460 722 642 762 operam
665 708 721 749 ad
753 708 1061 761 inquirendam
1090 708 1248 749 librum
1274 707 1545 749 moralium
1534 721 1576 748 m
1600 706 1814 762 regimine

325 779 507 821 dominii
551 779 628 832 qui
663 778 854 819 vocatur
892 777 1125 820 secretum
1170 775 1464 830 Secretorum,
1499 790 1632 831 quem
1674 776 1814 818 edidit

324 850 527 904 princeps
569 848 935 903 philosophorum
977 847 1235 890 Aristotiles
1277 848 1391 889 filius
1433 847 1727 889 Nichomachi
1759 847 1814 888 de
1835 866 1873 891 10

328 919 594 961 Macedonia
626 918 844 972 discipulo
861 932 942 960 suo
967 932 1132 972 magno
1157 918 1410 973 imperatori
1432 918 1701 960 Alexandro
1723 917 1814 958 filio

327 990 519 1044 Philippi
565 990 678 1044 regis
719 989 986 1030 =G1·eCO1·um.
1067 988 1154 1043 Qui
1200 989 1462 1031 Alexander
1514 989 1675 1030 dicitur
1723 989 1815 1030 duo
1840 977 1848 985 ’

325 1059 514 1101 cornua]
541 1060 760 1101 habuisse.

387 1131 522 1171 Hunc
565 1130 745 1183 quidem
794 1129 955 1170 librum
1001 1129 1253 1182 composuit
1297 1129 1339 1169 in
1382 1143 1459 1169 sua
1502 1134 1730 1170 senectute
1771 1134 1815 1169 et

324 1201 536 1242 virtutum
578 1199 874 1253 corporalium
918 1197 1160 1247 debilitate,
1203 1204 1445 1253 postquam
1500 1211 1586 1240 non
1639 1204 1813 1252 poterat
1835 1216 1871 1250 1⁵
1902 1204 1908 1257 ᾗ

326 1271 572 1313 cotidianos
590 1269 762 1311 labores
785 1276 829 1310 et
850 1269 1019 1310 viarum
1042 1269 1295 1310 discrimina
1317 1268 1535 1320 tollerare,
1551 1282 1632 1311 nec
1650 1267 1815 1323 regalia

326 1341 511 1395 negocia
532 1353 780 1382 excercere.
829 1339 946 1394 Quia
965 1339 1223 1380 Alexander
1239 1338 1466 1380 constituit
1484 1352 1585 1380 eum
1605 1339 1817 1393 magister
1902 1379 1904 1398 ³

326 1418 369 1453 et
396 1410 687 1465 prepositum,
709 1424 841 1464 quem
866 1409 1058 1463 elegerat
1080 1416 1123 1450 et
1146 1408 1361 1450 dilexerat
1390 1408 1594 1460 multum,
1616 1422 1669 1450 eo
1695 1409 1814 1463 quod
1902 1403 1908 1446 l

326 1488 420 1523 erat
441 1480 506 1522 vir
527 1480 673 1535 magni
703 1479 868 1522 consilii
900 1486 943 1520 et
968 1480 1062 1520 sani
1093 1487 1138 1521 et
1160 1480 1383 1521 literature
1414 1493 1590 1533 magne,
1613 1485 1814 1533 penetra-

326 1551 424 1594 bilis
451 1549 725 1601 intellectus,
761 1550 948 1604 vigilans
989 1550 1032 1590 in
1072 1550 1284 1604 legalibus
1326 1549 1496 1601 studiis,
1533 1550 1576 1590 in
1614 1549 1815 1603 gratuitis
1835 1566 1897 1590 20:

329 1621 527 1664 moribus
554 1627 596 1661 et
629 1620 935 1675 spiritualibus
968 1620 1176 1669 scienciis,
1209 1620 1593 1675 contemplativus,
1623 1619 1815 1661 caritati-

327 1707 422 1743 vus,
444 1693 674 1742 discretus‚
697 1691 888 1742 humilis,
910 1697 1083 1732 amator
1100 1690 1288 1744 justicie,
1313 1691 1472 1732 relator
1492 1690 1702 1731 veritatis.
1758 1689 1817 1730 Et

328 1770 510 1817 propter
550 1763 635 1802 hoc
679 1761 804 1803 multi
834 1760 839 1816 1
867 1761 1234 1815 philosophorum
1273 1762 1539 1815 reputabant
1578 1761 1724 1815 ipsum
1762 1761 1817 1801 de

328 1846 513 1874 numero
536 1832 870 1886 prophetarum.
920 1832 1147 1873 Invenitur
1172 1832 1287 1872 enim
1312 1832 1355 1872 in
1377 1831 1570 1885 antiquis
1592 1830 1817 1872 codicibus

331 1904 572 1945 Grecorum
596 1905 715 1957 quod
742 1903 864 1944 Deus
886 1902 1087 1944 excelsus
1112 1916 1240 1943 suum
1270 1902 1475 1956 angelum
1499 1901 1737 1943 destinavit
1759 1900 1815 1942 ad
1836 1913 1871 1949 25
1901 1956 1902 1962 1

330 1988 430 2015 eum
455 1974 629 2015 dicens:
665 1973 822 2014 Pocius
846 1973 1086 2014 nominabo
1111 1979 1153 2013 te
1175 1973 1384 2026 angelum
1407 1985 1541 2026 quam
1564 1971 1805 2012 hominem.
1900 1966 1902 1978 '

391 2044 509 2086 Sane
525 2043 666 2084 multa
684 2042 844 2084 habet2
858 2043 1064 2097 prodigia
1079 2049 1124 2084 et
1139 2056 1301 2096 magna
1319 2041 1527 2084 miracula
1545 2048 1589 2083 et
1607 2048 1818 2082 extranea
1900 2071 1908 2103 G

330 2128 464 2169 opera
491 2127 576 2167 que
600 2114 730 2154 nimis
752 2120 865 2154 esset
891 2112 1073 2166 longum
1101 2119 1258 2153 cuncta
1283 2126 1360 2167 per
1384 2111 1583 2153 ordinem
1607 2123 1816 2159 enarrare,
1898 2100 1908 2173 ᾗ

333 2185 449 2225 unde
477 2185 531 2224 de
559 2190 702 2224 morte
729 2196 808 2223 sua
834 2182 1005 2223 diverse
1030 2188 1133 2223 sunt
1164 2182 1402 2236 opiniones,
1463 2180 1670 2235 Quedam
1703 2181 1816 2221 enim

331 2260 450 2295 secta
476 2267 561 2307 que
590 2252 751 2294 dicitur
780 2251 1101 2306 peripathetica
1126 2251 1280 2293 asserit
1314 2252 1457 2305 ipsum
1483 2251 1735 2292 ascendisse
1762 2249 1817 2296 ad
1837 2258 1876 2292 30
1898 2271 1899 2274 ¹

333 2324 576 2378 empireum
601 2322 743 2364 celum
768 2323 809 2362 in
830 2322 1067 2375 columpna
1090 2321 1234 2376 ignis.3

390 2449 401 2469 ¹
432 2449 596 2489 Cornua
616 2449 699 2488 duo
720 2447 944 2498 significant
964 2449 1047 2487 duo
1068 2460 1198 2498 regna,
1223 2446 1384 2494 scilicet,
1407 2446 1550 2486 Grecie
1571 2451 1610 2485 et
1631 2445 1726 2486 Asie
1741 2457 1819 2497 que
1898 2411 1908 2506 il

335 2503 518 2555 optinuit.

391 2558 403 2578 ²
435 2558 655 2597 Aristotiles
677 2557 857 2597 scilicet
849 2571 888 2596 ln
909 2557 1018 2596 libris
1039 2557 1130 2596 suis.

391 2614 404 2634 ⁸
436 2614 528 2651 Hec
567 2620 626 2651 est
664 2612 868 2652 sentencia
913 2611 1241 2663 philosophorum
1291 2624 1548 2662 paganorum,
1598 2618 1657 2650 set
1704 2607 1820 2648 nobis
1839 2612 1908 2653 55

1899 2535 1903 2554 Δ,

1898 2554 1908 2607 l».

387 2758 398 2778 1
429 2747 582 2787 Chapter
599 2747 620 2780 i,
643 2747 679 2777 V.
1896 2734 1908 2774 '⁴
