1908 3126
780 71 859 113 147

78 178 125 212 tu
155 171 292 226 eligas
318 172 372 212 de
404 171 557 212 scribis
589 184 664 211 seu
691 171 979 225 scriptoribus
1011 173 1085 226 qui
1111 172 1307 214 habeant
1334 172 1446 214 hanc
1468 187 1562 227 per-

80 240 320 282 feccionem
344 241 386 280 in
411 241 669 292 eloquencia
692 248 847 282 ornata
871 249 914 282 et
938 242 981 282 in
1006 242 1315 283 recordacione
1336 242 1500 291 subtili,
1518 250 1563 284 et
1585 260 1746 286 Her-houm
1761 260 1794 286 be

79 309 190 350 sicut
230 316 351 350 tuam
388 310 480 362 ipse
517 309 831 362 interpretatur
866 311 1159 361 voluntatem,
1198 318 1242 352 et
1283 312 1563 353 constituitur
1582 294 1724 327 e¹⁰¹¹¹¹e¹¹t’

78 392 208 432 super
242 379 328 419 tuis
363 378 541 419 secretis
578 385 622 419 et
659 379 856 430 occultis,
890 380 950 421 ita
987 387 1164 434 oportet
1201 381 1321 434 quod
1359 381 1414 422 sit
1447 381 1561 422 bone

38 447 178 502 5fidei
221 447 362 490 fidelis
398 447 668 500 cognicionis
707 448 749 488 in
792 456 868 490 tua
912 450 1138 492 voluntate
1179 457 1222 491 et
1265 451 1307 491 in
1352 451 1562 492 universis
1580 461 1704 491 faithful,

76 518 282 571 operibus
310 518 413 569 tuis,
435 524 479 558 et
509 518 630 571 quod
661 518 859 559 intendat
887 525 964 560 tuo
992 520 1183 561 comodo
1205 527 1248 562 et
1272 520 1426 562 honori
1449 521 1561 562 sicut

76 595 265 642 oportet.
328 587 462 641 Quod
505 587 539 628 si
582 600 670 627 non
709 594 775 629 est
818 588 929 640 talis,
966 596 1218 643 corrumpet
1262 590 1475 631 honorem
1519 597 1562 630 et

75 658 306 698 veritatem
331 664 374 698 et
396 657 673 697 voluntatem
696 663 875 698 tuorum
904 656 1121 700 factorum
1145 666 1187 700 et
1209 659 1446 703 dictorum.
1502 660 1561 701 Et

75 732 251 781 oportet
283 727 403 780 quod
431 726 485 767 sit
518 733 672 767 cautus
706 732 749 767 et
781 741 1024 780 precavens
1058 728 1100 768 in
1135 729 1345 782 operibus
1374 730 1474 779 suis,
1507 743 1562 770 ne
1581 741 1637 767 and
1651 740 1793 768 cautious.

17 818 56 840 10
74 796 170 849 quis
203 796 475 850 ingrediatur
508 803 551 837 et
584 795 789 849 respiciat
821 804 987 839 secreta
1019 798 1193 852 scripta.
1259 798 1320 839 Et
1349 800 1560 841 condecet

74 866 194 918 quod
214 872 261 906 tu
279 864 540 920 relmuneres
555 879 691 920 opera
708 880 785 906 sua
800 865 935 919 juxta
949 867 1179 909 servicium
1201 869 1279 909 tibi
1295 868 1560 919 exhibitum,
1584 885 1638 907 111
1662 877 1692 906 b.

75 941 117 975 et
131 934 264 988 juxta
280 935 521 976 terminum
541 934 838 990 imposicionis
857 942 931 977 tue
948 936 1191 978 voluntatis
1209 943 1257 978 ut
1275 938 1331 978 sit
1349 937 1560 979 sollicitus
1580 953 1702 1014 {giffard
1717 953 1774 979 him

74 1005 116 1044 in
141 1010 219 1045 tuo
242 1004 467 1058 regimine.
519 1004 638 1045 Pone
661 1017 766 1057 ergo
789 1005 934 1057 ipsum
958 1005 998 1046 in
1021 1007 1161 1060 gradu
1188 1008 1559 1048 renumeracionls

73 1082 159 1123 tue,
182 1074 286 1128 quia
310 1075 402 1128 ejus
424 1075 585 1115 veritas
607 1081 684 1115 tua
707 1081 787 1124 est,
808 1080 851 1115 et
874 1074 969 1127 ejus
997 1076 1224 1130 corrupcio
1248 1083 1324 1118 tua
1347 1082 1424 1117 est.

17 1211 52 1243 ¹5
134 1192 384 1248 Capitulum
408 1194 490 1232 .16.
514 1193 564 1234 de
589 1192 787 1234 eleccione
810 1195 1069 1235 nunciorum
1092 1194 1340 1249 dzgrnorzzm.
1800 1191 1852 1243 G

161 1284 263 1326 Cias
285 1285 425 1326 eciam
447 1286 567 1338 quod
590 1285 774 1326 nuncius
797 1299 872 1325 seu
898 1286 1056 1327 missus
1079 1286 1354 1327 demonstrat
1386 1289 1558 1342 sapien·
1579 1299 1787 1358 {1¹3¹{23522fid0ss
1801 1309 1848 1346 :ire

159 1355 272 1396 ciam
300 1354 529 1406 mittentis,
548 1361 591 1395 et
621 1354 715 1408 ejus
745 1361 811 1395 est
841 1354 994 1396 oculus
1024 1356 1066 1396 in
1093 1355 1177 1395 hiis
1207 1369 1292 1409 que
1315 1369 1403 1397 non
1426 1359 1559 1408 videt,
1579 1340 1840 1427 ἐξιῖζίὲιῖιξὲὲἔξῗίε

74 1433 116 1466 et
148 1423 244 1478 ejus
277 1424 392 1465 auris
424 1425 467 1464 in
499 1424 582 1464 hiis
611 1437 698 1477 que
720 1437 806 1464 non
835 1424 974 1474 audit,
1003 1432 1046 1465 et
1080 1424 1229 1479 lingua
1263 1425 1356 1479 ejus
1390 1427 1432 1467 in
1466 1428 1559 1482 ejus
1677 1419 1686 1426 ⁸
1803 1422 1808 1427 ”

71 1494 287 1535 absenciass
350 1493 540 1546 Oportet
573 1506 678 1547 ergo
706 1493 868 1546 eligere
891 1493 1137 1548 digniorem
1159 1508 1218 1535 ex
1241 1494 1324 1535 hiis
1352 1497 1426 1549 qui
1457 1504 1559 1538 sunt
1578 1505 1823 1565 ffglssgrqualifica-

15 1580 53 1600 20
73 1564 115 1604 in
133 1570 210 1606 tua
228 1563 466 1618 presencia,
489 1562 751 1616 sapientem,
774 1564 1041 1616 prudentem
1060 1569 1104 1605 et
1121 1563 1436 1617 honorabilem,
1455 1580 1557 1608 con-
1654 1560 1661 1566 ’

71 1634 348 1683 siderantem‚
389 1632 584 1681 fidelem,
624 1632 919 1674 declinantem
961 1646 1037 1674 seu
1087 1633 1329 1687 fugientem
1377 1648 1553 1676 omnem

71 1703 392 1757 turpitudinem
435 1715 511 1742 seu
554 1701 745 1755 culpam.
812 1702 872 1743 Et
914 1703 949 1743 si
988 1703 1185 1744 invenias
1222 1704 1367 1757 ipsum
1406 1705 1555 1757 talem,
1577 1717 1638 1742 The
1652 1717 1839 1744 choiceofan

71 1786 180 1815 voca
213 1786 313 1814 eum
347 1778 391 1813 et
423 1771 571 1814 confer
597 1785 699 1812 curn
725 1786 777 1813 eo
806 1773 863 1813 de
891 1772 973 1813 hiis
1003 1772 1045 1812 in
1072 1773 1230 1827 quibus
1260 1774 1400 1815 nescit
1429 1781 1556 1816 tuum
1576 1751 1769 1778 ambassador'

70 1843 197 1894 velle,
222 1849 266 1884 et
293 1849 399 1883 tunc
428 1841 642 1895 percipies
672 1841 706 1881 si
735 1848 799 1882 est
827 1842 870 1881 in
899 1840 980 1883 eo1
1007 1842 1050 1883 id
1081 1843 1200 1896 quod
1223 1844 1430 1896 queritur,
1453 1846 1557 1898 quia

14 1927 52 1960 25
71 1913 182 1954 forte
218 1912 311 1967 ipse
344 1925 432 1953 non
464 1918 531 1952 est
559 1910 691 1963 juxta
722 1910 818 1961 hoc,
840 1919 905 1952 set
939 1910 1050 1952 forte
1081 1912 1161 1952 hec
1195 1912 1385 1953 intencio
1414 1921 1481 1955 est
1513 1915 1556 1954 in

71 1982 168 2024 alio.
234 1983 294 2023 Et
321 1982 355 2022 si
383 1994 470 2022 non
498 1986 564 2022 est
591 1980 650 2021 sic
676 1980 719 2020 in
742 1979 824 2021 hac
848 1981 1232 2031 determinacione,
1255 1983 1312 2023 sit
1334 1984 1390 2024 ad
1416 1983 1557 2024 minus
1576 1988 1835 2049 ffitmwffgzufffisshful

72 2052 330 2093 secretarius
362 2050 517 2100 fidelis,
545 2050 704 2103 justus,
737 2049 867 2091 nichil
904 2050 1072 2091 addens
1104 2051 1174 2093 vel
1213 2051 1464 2095 diminuens
1502 2054 1557 2094 de
1578 2064 1747 2090 messenser-

70 2122 153 2163 hiis
183 2122 225 2162 in
252 2120 413 2175 quibus
443 2127 508 2161 est
532 2119 702 2169 missus,
725 2125 768 2160 et
798 2120 919 2173 quod
942 2120 999 2161 sit
1021 2120 1274 2161 custodiens
1295 2123 1556 2164 mandatum

0 2227 1 2232 ,
71 2198 210 2241 tuum,
232 2198 275 2232 et
309 2190 544 2231 intendens
577 2190 634 2230 de
667 2189 749 2230 hiis
783 2202 869 2243 que
900 2189 1026 2231 audit
1059 2204 1116 2231 ex
1155 2192 1438 2244 responsione
1472 2193 1555 2234 sibi

0 2251 52 2306 ¹30
72 2261 198 2303 facta.
229 2260 235 2316 Ι
264 2259 311 2301 Si
343 2273 449 2314 ergo
478 2272 567 2300 non
598 2259 814 2300 inveneris
847 2272 948 2300 eum
982 2259 1131 2308 talem,
1153 2260 1209 2300 sit
1238 2260 1381 2302 fidelis
1404 2269 1552 2304 tamen
1579 2275 1636 2297 112
1657 2278 1686 2299 a·

70 2330 265 2371 deferens
284 2329 454 2370 litteras
470 2336 570 2370 tuas
588 2328 626 2369 ei
650 2328 706 2369 ad
730 2341 864 2381 quem
883 2328 1132 2379 mittuntur,
1151 2335 1195 2370 et
1213 2329 1404 2372 referens
1421 2338 1555 2386 atque

71 2407 298 2454 reportans
315 2399 660 2454 responsionem.
706 2399 765 2439 Et
789 2399 823 2439 si
846 2399 902 2440 de
923 2399 1072 2452 aliquo
1095 2399 1353 2441 nunciorum
1377 2408 1552 2444 tuorum
1576 2413 1615 2438 Be
1629 2419 1676 2439 1101
1690 2415 1787 2440 served
1807 2415 1845 2448 by

44 2694 55 2704 ·
118 2646 156 2695 1v5
181 2654 279 2686 Book
302 2654 363 2694 VI,
388 2654 542 2695 Chapter
569 2654 633 2685 cvi.
658 2653 695 2685 V.
751 2652 781 2684 T
777 2654 816 2685 lte
842 2653 918 2686 MS.
948 2654 1077 2695 chapter
1100 2654 1246 2695 heading
1269 2654 1356 2686 adds
1386 2658 1393 2672 ·'
1409 2660 1443 2687 et
1471 2661 1553 2688 nota

39 2738 41 2741 Α
72 2707 152 2747 illud
168 2706 351 2748 capitulum
370 2707 458 2738 sicut
474 2706 539 2738 alia
557 2705 703 2738 omnia'.

769 2772 846 2805 L2
