<?xml version="1.0" encoding="UTF-8"?>
<!DOCTYPE html PUBLIC "-//W3C//DTD XHTML 1.0 Transitional//EN"
    "http://www.w3.org/TR/xhtml1/DTD/xhtml1-transitional.dtd">
<html xmlns="http://www.w3.org/1999/xhtml" xml:lang="en" lang="en">
 <head>
  <title>
</title>
<meta http-equiv="Content-Type" content="text/html;charset=utf-8" />
  <meta name='ocr-system' content='tesseract 3.04.00' />
  <meta name='ocr-capabilities' content='ocr_page ocr_carea ocr_par ocr_line ocrx_word'/>
</head>
<body>
  <div class='ocr_page' id='page_1' title='image "./operahactenusine05baco_0176.png"; bbox 0 0 1908 3126; ppageno 0'>
   <div class='ocr_carea' id='block_1_1' title="bbox 1028 68 1109 99">
    <p class='ocr_par' dir='ltr' id='par_1_1' title="bbox 1028 68 1109 99">
     <span class='ocr_line' id='line_1_1' title="bbox 1028 68 1109 99; baseline 0 -1"><span class='ocrx_word' id='word_1_1' title='bbox 1028 68 1109 99; x_wconf 85' lang='lat'><em>102</em></span> 
     </span>
    </p>
   </div>
   <div class='ocr_carea' id='block_1_2' title="bbox 305 167 1817 372">
    <p class='ocr_par' dir='ltr' id='par_1_2' title="bbox 305 167 1817 372">
     <span class='ocr_line' id='line_1_2' title="bbox 382 167 1816 228; baseline -0.005 -12"><span class='ocrx_word' id='word_1_2' title='bbox 382 172 599 228; x_wconf 84' lang='lat' dir='ltr'><em>Confeccio</em></span> <span class='ocrx_word' id='word_1_3' title='bbox 617 172 827 215; x_wconf 78' lang='lat' dir='ltr'><em>medicine</em></span> <span class='ocrx_word' id='word_1_4' title='bbox 840 171 988 226; x_wconf 80' lang='lat' dir='ltr'><em>quinte</em></span> <span class='ocrx_word' id='word_1_5' title='bbox 1002 185 1080 225; x_wconf 81' lang='lat' dir='ltr'><em>qne</em></span> <span class='ocrx_word' id='word_1_6' title='bbox 1093 169 1264 224; x_wconf 78' lang='lat' dir='ltr'><em>expellit</em></span> <span class='ocrx_word' id='word_1_7' title='bbox 1281 169 1593 219; x_wconf 77' lang='lat' dir='ltr'><em>melancoliam,</em></span> <span class='ocrx_word' id='word_1_8' title='bbox 1607 167 1816 210; x_wconf 84' lang='lat' dir='ltr'><em>subtiliat</em></span> 
     </span>
     <span class='ocr_line' id='line_1_3' title="bbox 305 236 1817 301; baseline -0.005 -14"><span class='ocrx_word' id='word_1_9' title='bbox 305 246 489 301; x_wconf 81' lang='lat' dir='ltr'><em>flegma,</em></span> <span class='ocrx_word' id='word_1_10' title='bbox 527 251 569 286; x_wconf 85' lang='lat' dir='ltr'><em>et</em></span> <span class='ocrx_word' id='word_1_11' title='bbox 611 243 727 286; x_wconf 86' lang='lat' dir='ltr'><em>tollit</em></span> <span class='ocrx_word' id='word_1_12' title='bbox 760 241 1063 290; x_wconf 76' lang='lat' dir='ltr'><em>lzmnz&#39;dz‘tates,</em></span> <span class='ocrx_word' id='word_1_13' title='bbox 1100 239 1372 282; x_wconf 76' lang='lat' dir='ltr'><em>stomachum</em></span> <span class='ocrx_word' id='word_1_14' title='bbox 1409 245 1632 301; x_wconf 69' lang='lat' dir='ltr'><em>temperat,</em></span> <span class='ocrx_word' id='word_1_15' title='bbox 1671 236 1817 293; x_wconf 80' lang='lat' dir='ltr'><em>aperit</em></span> 
     </span>
     <span class='ocr_line' id='line_1_4' title="bbox 319 312 1226 372; baseline -0.008 -12"><span class='ocrx_word' id='word_1_16' title='bbox 319 317 657 372; x_wconf 64' lang='lat' dir='ltr'><em>constipMiones</em></span> <span class='ocrx_word' id='word_1_17' title='bbox 677 322 721 356; x_wconf 93' lang='lat' dir='ltr'><em>et</em></span> <span class='ocrx_word' id='word_1_18' title='bbox 741 314 1022 356; x_wconf 78' lang='lat' dir='ltr'><em>ventositates</em></span> <span class='ocrx_word' id='word_1_19' title='bbox 1041 312 1226 367; x_wconf 79' lang='lat' dir='ltr'><em>expellit.</em></span> 
     </span>
    </p>
   </div>
   <div class='ocr_carea' id='block_1_3' title="bbox 32 396 1853 598">
    <p class='ocr_par' dir='ltr' id='par_1_3' title="bbox 33 396 1816 488">
     <span class='ocr_line' id='line_1_5' title="bbox 33 396 1816 452; baseline -0.006 -5"><span class='ocrx_word' id='word_1_20' title='bbox 33 420 172 447; x_wconf 78' lang='lat' dir='ltr'><em>Thefisth</em></span> <span class='ocrx_word' id='word_1_21' title='bbox 185 419 270 447; x_wconf 68' lang='lat' dir='ltr'><em>medi.</em></span> <span class='ocrx_word' id='word_1_22' title='bbox 412 409 590 445; x_wconf 88' lang='lat' dir='ltr'><em>umatur</em></span> <span class='ocrx_word' id='word_1_23' title='bbox 621 400 813 444; x_wconf 84' lang='lat' dir='ltr'><em>estines1</em></span> <span class='ocrx_word' id='word_1_24' title='bbox 847 414 999 442; x_wconf 88' lang='lat' dir='ltr'><em>recens</em></span> <span class='ocrx_word' id='word_1_25' title='bbox 1029 399 1126 442; x_wconf 86' lang='lat' dir='ltr'><em>libri</em></span> <span class='ocrx_word' id='word_1_26' title='bbox 1154 400 1194 452; x_wconf 56' lang='grc' dir='ltr'><em>ἐξ,</em></span> <span class='ocrx_word' id='word_1_27' title='bbox 1223 406 1268 441; x_wconf 89' lang='lat' dir='ltr'><em>et</em></span> <span class='ocrx_word' id='word_1_28' title='bbox 1296 398 1542 440; x_wconf 85' lang='lat' dir='ltr'><em>berforthes</em></span> <span class='ocrx_word' id='word_1_29' title='bbox 1574 396 1672 442; x_wconf 87' lang='lat' dir='ltr'><em>libri</em></span> <span class='ocrx_word' id='word_1_30' title='bbox 1699 397 1738 450; x_wconf 59' lang='grc' dir='ltr'><em>ὲ,</em></span> <span class='ocrx_word' id='word_1_31' title='bbox 1771 404 1816 438; x_wconf 85' lang='lat' dir='ltr'><em>et</em></span> 
     </span>
     <span class='ocr_line' id='line_1_6' title="bbox 33 455 1730 488; baseline -0.003 -7"><span class='ocrx_word' id='word_1_32' title='bbox 33 455 96 483; x_wconf 89' lang='lat' dir='ltr'><em>eine</em></span> <span class='ocrx_word' id='word_1_33' title='bbox 112 455 292 488; x_wconf 83' lang='lat' dir='ltr'><em>strengthen-</em></span> <span class='ocrx_word' id='word_1_34' title='bbox 672 472 680 480; x_wconf 89' lang='lat'>.</span> <span class='ocrx_word' id='word_1_35' title='bbox 710 472 718 480; x_wconf 83' lang='lat'><strong>.</strong></span> <span class='ocrx_word' id='word_1_36' title='bbox 759 472 767 480; x_wconf 89' lang='lat'><strong>.</strong></span> <span class='ocrx_word' id='word_1_37' title='bbox 979 472 987 479; x_wconf 91' lang='lat'><strong><em>.</em></strong></span> <span class='ocrx_word' id='word_1_38' title='bbox 1244 470 1252 477; x_wconf 91' lang='lat'><strong>.</strong></span> <span class='ocrx_word' id='word_1_39' title='bbox 1408 469 1416 477; x_wconf 89' lang='lat'><strong>.</strong></span> <span class='ocrx_word' id='word_1_40' title='bbox 1445 469 1454 477; x_wconf 89' lang='lat'><strong><em>.</em></strong></span> <span class='ocrx_word' id='word_1_41' title='bbox 1492 469 1501 478; x_wconf 88' lang='lat'><strong>.</strong></span> <span class='ocrx_word' id='word_1_42' title='bbox 1670 466 1679 481; x_wconf 88' lang='lat'><em>‚</em></span> <span class='ocrx_word' id='word_1_43' title='bbox 1721 467 1730 475; x_wconf 92' lang='lat'>.</span> 
     </span>
    </p>

    <p class='ocr_par' dir='ltr' id='par_1_4' title="bbox 32 467 1853 598">
     <span class='ocr_line' id='line_1_7' title="bbox 32 467 1853 529; baseline -0.004 -13"><span class='ocrx_word' id='word_1_44' title='bbox 32 490 81 523; x_wconf 85' lang='lat' dir='ltr'><em>ing</em></span> <span class='ocrx_word' id='word_1_45' title='bbox 95 490 142 516; x_wconf 80' lang='lat' dir='ltr'><em>the</em></span> <span class='ocrx_word' id='word_1_46' title='bbox 156 489 283 529; x_wconf 36' lang='lat' dir='ltr'><em>sto-mach</em></span> <span class='ocrx_word' id='word_1_47' title='bbox 413 474 468 515; x_wconf 90' lang='lat' dir='ltr'><em>de</em></span> <span class='ocrx_word' id='word_1_48' title='bbox 495 473 608 514; x_wconf 87' lang='lat' dir='ltr'><em>serat</em></span> <span class='ocrx_word' id='word_1_49' title='bbox 639 472 768 514; x_wconf 87' lang='lat' dir='ltr'><em>v1r1d1</em></span> <span class='ocrx_word' id='word_1_50' title='bbox 793 486 864 526; x_wconf 90' lang='lat' dir='ltr'>.11J.</span> <span class='ocrx_word' id='word_1_51' title='bbox 889 485 1028 523; x_wconf 80' lang='lat' dir='ltr'><em>uncle,</em></span> <span class='ocrx_word' id='word_1_52' title='bbox 1052 476 1096 512; x_wconf 92' lang='lat' dir='ltr'><em>et</em></span> <span class='ocrx_word' id='word_1_53' title='bbox 1122 471 1177 511; x_wconf 91' lang='lat' dir='ltr'><em>de</em></span> <span class='ocrx_word' id='word_1_54' title='bbox 1199 469 1348 511; x_wconf 84' lang='lat' dir='ltr'><em>tnfera</em></span> <span class='ocrx_word' id='word_1_55' title='bbox 1374 470 1525 511; x_wconf 81' lang='lat' dir='ltr'><em>viridls</em></span> <span class='ocrx_word' id='word_1_56' title='bbox 1546 471 1555 489; x_wconf 90' lang='lat'><em>‘</em></span> <span class='ocrx_word' id='word_1_57' title='bbox 1573 467 1656 510; x_wconf 89' lang='lat' dir='ltr'><em>sub</em></span> <span class='ocrx_word' id='word_1_58' title='bbox 1707 480 1743 511; x_wconf 91' lang='lat'><em>.1.</em></span> <span class='ocrx_word' id='word_1_59' title='bbox 1771 473 1816 509; x_wconf 92' lang='lat' dir='ltr'><em>et</em></span> <span class='ocrx_word' id='word_1_60' title='bbox 1835 482 1853 516; x_wconf 86' lang='lat'><em>5</em></span> 
     </span>
     <span class='ocr_line' id='line_1_8' title="bbox 32 524 1813 598; baseline -0.003 -14"><span class='ocrx_word' id='word_1_61' title='bbox 32 524 250 592; x_wconf 48' lang='grc' dir='ltr'><em>Ξὲῗεξῗέῗοῃωέ</em></span> <span class='ocrx_word' id='word_1_62' title='bbox 325 551 547 598; x_wconf 88' lang='lat' dir='ltr'><em>ponantur</em></span> <span class='ocrx_word' id='word_1_63' title='bbox 569 544 612 584; x_wconf 91' lang='lat' dir='ltr'><em>in</em></span> <span class='ocrx_word' id='word_1_64' title='bbox 637 542 726 597; x_wconf 85' lang='lat' dir='ltr'><em>.xij.</em></span> <span class='ocrx_word' id='word_1_65' title='bbox 748 544 756 560; x_wconf 85' lang='lat'><em>‘</em></span> <span class='ocrx_word' id='word_1_66' title='bbox 775 542 859 583; x_wconf 91' lang='lat' dir='ltr'><em>sub</em></span> <span class='ocrx_word' id='word_1_67' title='bbox 874 549 881 563; x_wconf 93' lang='lat'>&#39;</span> <span class='ocrx_word' id='word_1_68' title='bbox 897 540 913 564; x_wconf 82' lang='lat'><strong>2</strong></span> <span class='ocrx_word' id='word_1_69' title='bbox 935 555 1051 595; x_wconf 87' lang='lat' dir='ltr'><em>aque</em></span> <span class='ocrx_word' id='word_1_70' title='bbox 1082 540 1234 591; x_wconf 89' lang='lat' dir='ltr'><em>dulcis,</em></span> <span class='ocrx_word' id='word_1_71' title='bbox 1257 539 1480 582; x_wconf 83' lang='lat' dir='ltr'><em>addantur</em></span> <span class='ocrx_word' id='word_1_72' title='bbox 1508 539 1656 582; x_wconf 88' lang='lat' dir='ltr'><em>cimini</em></span> <span class='ocrx_word' id='word_1_73' title='bbox 1683 541 1692 558; x_wconf 89' lang='lat'>‘</span> <span class='ocrx_word' id='word_1_74' title='bbox 1708 538 1789 580; x_wconf 91' lang='lat' dir='ltr'><em>sub</em></span> <span class='ocrx_word' id='word_1_75' title='bbox 1804 535 1813 550; x_wconf 92' lang='lat'>’</span> 
     </span>
    </p>
   </div>
   <div class='ocr_carea' id='block_1_4' title="bbox 220 609 1893 1092">
    <p class='ocr_par' dir='ltr' id='par_1_5' title="bbox 325 609 1817 668">
     <span class='ocr_line' id='line_1_9' title="bbox 325 609 1817 668; baseline -0.003 -12"><span class='ocrx_word' id='word_1_76' title='bbox 325 614 410 668; x_wconf 87' lang='lat' dir='ltr'><em>.iij.,</em></span> <span class='ocrx_word' id='word_1_77' title='bbox 433 621 478 656; x_wconf 92' lang='lat' dir='ltr'><em>et</em></span> <span class='ocrx_word' id='word_1_78' title='bbox 510 620 598 656; x_wconf 86' lang='lat' dir='ltr'><em>stet</em></span> <span class='ocrx_word' id='word_1_79' title='bbox 631 627 710 667; x_wconf 91' lang='lat' dir='ltr'><em>per</em></span> <span class='ocrx_word' id='word_1_80' title='bbox 741 626 878 654; x_wconf 90' lang='lat' dir='ltr'><em>unum</em></span> <span class='ocrx_word' id='word_1_81' title='bbox 902 612 1020 653; x_wconf 89' lang='lat' dir='ltr'><em>diem</em></span> <span class='ocrx_word' id='word_1_82' title='bbox 1044 618 1090 653; x_wconf 90' lang='lat' dir='ltr'><em>et</em></span> <span class='ocrx_word' id='word_1_83' title='bbox 1123 624 1254 652; x_wconf 91' lang='lat' dir='ltr'><em>unam</em></span> <span class='ocrx_word' id='word_1_84' title='bbox 1278 617 1467 653; x_wconf 89' lang='lat' dir='ltr'><em>noctem.</em></span> <span class='ocrx_word' id='word_1_85' title='bbox 1532 610 1710 652; x_wconf 85' lang='lat' dir='ltr'><em>Deinde</em></span> <span class='ocrx_word' id='word_1_86' title='bbox 1741 609 1817 651; x_wconf 93' lang='lat' dir='ltr'><em>de-</em></span> 
     </span>
    </p>

    <p class='ocr_par' dir='ltr' id='par_1_6' title="bbox 323 678 1818 739">
     <span class='ocr_line' id='line_1_10' title="bbox 323 678 1818 739; baseline -0.005 -12"><span class='ocrx_word' id='word_1_87' title='bbox 323 692 541 739; x_wconf 82' lang='lat' dir='ltr'>coquatur</span> <span class='ocrx_word' id='word_1_88' title='bbox 559 685 699 726; x_wconf 88' lang='lat' dir='ltr'><em>donec</em></span> <span class='ocrx_word' id='word_1_89' title='bbox 719 683 934 725; x_wconf 79' lang='lat' dir='ltr'><em>medietas</em></span> <span class='ocrx_word' id='word_1_90' title='bbox 952 696 1067 736; x_wconf 87' lang='lat' dir='ltr'><em>aque</em></span> <span class='ocrx_word' id='word_1_91' title='bbox 1084 682 1368 732; x_wconf 81' lang='lat' dir='ltr'><em>diminuatur,</em></span> <span class='ocrx_word' id='word_1_92' title='bbox 1386 688 1430 723; x_wconf 91' lang='lat' dir='ltr'><em>et</em></span> <span class='ocrx_word' id='word_1_93' title='bbox 1446 687 1677 722; x_wconf 80' lang='lat' dir='ltr'><em>sumantur</em></span> <span class='ocrx_word' id='word_1_94' title='bbox 1694 683 1703 701; x_wconf 89' lang='lat'>‘</span> <span class='ocrx_word' id='word_1_95' title='bbox 1717 678 1818 721; x_wconf 86' lang='lat' dir='ltr'><em>sub&#39;</em></span> 
     </span>
    </p>

    <p class='ocr_par' dir='ltr' id='par_1_7' title="bbox 324 750 1818 810">
     <span class='ocr_line' id='line_1_11' title="bbox 324 750 1818 810; baseline -0.003 -13"><span class='ocrx_word' id='word_1_96' title='bbox 324 769 376 807; x_wconf 90' lang='lat'><em>.4.</em></span> <span class='ocrx_word' id='word_1_97' title='bbox 407 756 463 797; x_wconf 93' lang='lat' dir='ltr'><em>de</em></span> <span class='ocrx_word' id='word_1_98' title='bbox 491 754 620 796; x_wconf 90' lang='lat' dir='ltr'><em>melle</em></span> <span class='ocrx_word' id='word_1_99' title='bbox 644 760 892 810; x_wconf 88' lang='lat' dir='ltr'><em>preparat0‚</em></span> <span class='ocrx_word' id='word_1_100' title='bbox 917 760 961 795; x_wconf 93' lang='lat' dir='ltr'><em>et</em></span> <span class='ocrx_word' id='word_1_101' title='bbox 991 753 1150 794; x_wconf 90' lang='lat' dir='ltr'><em>iterum</em></span> <span class='ocrx_word' id='word_1_102' title='bbox 1176 759 1351 795; x_wconf 88' lang='lat' dir='ltr'><em>tantum</em></span> <span class='ocrx_word' id='word_1_103' title='bbox 1378 752 1651 806; x_wconf 83' lang='lat' dir='ltr'><em>decoquatur</em></span> <span class='ocrx_word' id='word_1_104' title='bbox 1677 750 1818 793; x_wconf 92' lang='lat' dir='ltr'><em>donec</em></span> 
     </span>
    </p>

    <p class='ocr_par' dir='ltr' id='par_1_8' title="bbox 323 821 1893 880">
     <span class='ocr_line' id='line_1_12' title="bbox 323 821 1893 880; baseline -0.004 -12"><span class='ocrx_word' id='word_1_105' title='bbox 323 826 598 880; x_wconf 84' lang='lat' dir='ltr'><em>inspissetur.</em></span> <span class='ocrx_word' id='word_1_106' title='bbox 662 824 762 866; x_wconf 88' lang='lat' dir='ltr'><em>Hec</em></span> <span class='ocrx_word' id='word_1_107' title='bbox 781 831 848 866; x_wconf 88' lang='lat' dir='ltr'><em>est</em></span> <span class='ocrx_word' id='word_1_108' title='bbox 867 824 999 877; x_wconf 85' lang='lat' dir='ltr'><em>igitur</em></span> <span class='ocrx_word' id='word_1_109' title='bbox 1017 824 1172 877; x_wconf 89' lang='lat' dir='ltr'><em>quinta</em></span> <span class='ocrx_word' id='word_1_110' title='bbox 1190 823 1407 865; x_wconf 88' lang='lat' dir='ltr'><em>medicina</em></span> <span class='ocrx_word' id='word_1_111' title='bbox 1426 822 1551 877; x_wconf 87' lang='lat' dir='ltr'><em>cujus</em></span> <span class='ocrx_word' id='word_1_112' title='bbox 1570 821 1818 877; x_wconf 82' lang='lat' dir='ltr'><em>proprietas</em></span> <span class='ocrx_word' id='word_1_113' title='bbox 1839 831 1893 878; x_wconf 71' lang='lat'><em>¹⁶5</em></span> 
     </span>
    </p>

    <p class='ocr_par' dir='ltr' id='par_1_9' title="bbox 325 891 1893 950">
     <span class='ocr_line' id='line_1_13' title="bbox 325 891 1893 950; baseline -0.004 -11"><span class='ocrx_word' id='word_1_114' title='bbox 325 903 392 940; x_wconf 89' lang='lat' dir='ltr'><em>est</em></span> <span class='ocrx_word' id='word_1_115' title='bbox 424 895 652 950; x_wconf 84' lang='lat' dir='ltr'><em>expellere</em></span> <span class='ocrx_word' id='word_1_116' title='bbox 683 893 1006 943; x_wconf 80' lang='lat' dir='ltr'><em>melancoliam,</em></span> <span class='ocrx_word' id='word_1_117' title='bbox 1038 891 1266 935; x_wconf 81' lang='lat' dir='ltr'><em>subtiliare</em></span> <span class='ocrx_word' id='word_1_118' title='bbox 1297 893 1470 949; x_wconf 87' lang='lat' dir='ltr'><em>flegma,</em></span> <span class='ocrx_word' id='word_1_119' title='bbox 1499 899 1542 934; x_wconf 91' lang='lat' dir='ltr'><em>et</em></span> <span class='ocrx_word' id='word_1_120' title='bbox 1575 891 1819 948; x_wconf 85' lang='lat' dir='ltr'><em>superfluas</em></span> <span class='ocrx_word' id='word_1_121' title='bbox 1843 929 1852 937; x_wconf 80' lang='grc'><strong><em>,</em></strong></span> <span class='ocrx_word' id='word_1_122' title='bbox 1891 919 1893 928; x_wconf 46' lang='grc' dir='ltr'><em>ι</em></span> 
     </span>
    </p>

    <p class='ocr_par' dir='ltr' id='par_1_10' title="bbox 220 957 1874 1092">
     <span class='ocr_line' id='line_1_14' title="bbox 325 957 1874 1019; baseline -0.004 -10"><span class='ocrx_word' id='word_1_123' title='bbox 325 967 617 1009; x_wconf 88' lang='lat' dir='ltr'><em>humiditates</em></span> <span class='ocrx_word' id='word_1_124' title='bbox 659 965 829 1016; x_wconf 90' lang='lat' dir='ltr'><em>tollere,</em></span> <span class='ocrx_word' id='word_1_125' title='bbox 870 963 1152 1006; x_wconf 89' lang='lat' dir='ltr'><em>stomachum</em></span> <span class='ocrx_word' id='word_1_126' title='bbox 1196 970 1458 1019; x_wconf 88' lang='lat' dir='ltr'><em>temperare,</em></span> <span class='ocrx_word' id='word_1_127' title='bbox 1500 957 1669 1018; x_wconf 87' lang='lat' dir='ltr'><em>aperire</em></span> <span class='ocrx_word' id='word_1_128' title='bbox 1717 975 1818 1005; x_wconf 92' lang='lat' dir='ltr'><em>con·</em></span> <span class='ocrx_word' id='word_1_129' title='bbox 1871 970 1874 972; x_wconf 83' lang='lat'>&#39;</span> 
     </span>
     <span class='ocr_line' id='line_1_15' title="bbox 220 1033 1289 1092; baseline -0.007 -11"><span class='ocrx_word' id='word_1_130' title='bbox 220 1044 261 1075; x_wconf 93' lang='lat'><em>80</em></span> <span class='ocrx_word' id='word_1_131' title='bbox 278 1053 307 1075; x_wconf 86' lang='lat' dir='ltr'><em>a·</em></span> <span class='ocrx_word' id='word_1_132' title='bbox 327 1037 606 1092; x_wconf 86' lang='lat' dir='ltr'><em>stipaciones,</em></span> <span class='ocrx_word' id='word_1_133' title='bbox 637 1034 643 1092; x_wconf 77' lang='grc' dir='ltr'>Ι</span> <span class='ocrx_word' id='word_1_134' title='bbox 671 1043 715 1077; x_wconf 90' lang='lat' dir='ltr'><em>et</em></span> <span class='ocrx_word' id='word_1_135' title='bbox 736 1035 1028 1076; x_wconf 77' lang='lat' dir='ltr'><em>ventositates</em></span> <span class='ocrx_word' id='word_1_136' title='bbox 1051 1033 1289 1088; x_wconf 85' lang='lat' dir='ltr'><em>expellere.</em></span> 
     </span>
    </p>
   </div>
   <div class='ocr_carea' id='block_1_5' title="bbox 1885 0 1908 1311">
    <p class='ocr_par' dir='ltr' id='par_1_11' title="bbox 1885 0 1908 1311">
     <span class='ocr_line' id='line_1_16' title="bbox 1885 0 1908 906; baseline 7.348 -141"><span class='ocrx_word' id='word_1_137' title='bbox 1885 0 1908 906; x_wconf 95' lang='lat' dir='ltr'><em>  </em></span> 
     </span>
     <span class='ocr_line' id='line_1_17' title="bbox 1896 906 1908 1311; baseline 0 1815"><span class='ocrx_word' id='word_1_138' title='bbox 1896 906 1908 1311; x_wconf 95' lang='lat' dir='ltr'><em> </em></span> 
     </span>
    </p>
   </div>
   <div class='ocr_carea' id='block_1_6' title="bbox 318 1156 1901 1286">
    <p class='ocr_par' dir='ltr' id='par_1_12' title="bbox 318 1156 1901 1286">
     <span class='ocr_line' id='line_1_18' title="bbox 385 1156 1878 1210; baseline -0.003 -10"><span class='ocrx_word' id='word_1_139' title='bbox 385 1157 616 1201; x_wconf 73' lang='lat' dir='ltr'><em>,Medicina</em></span> <span class='ocrx_word' id='word_1_140' title='bbox 637 1164 759 1200; x_wconf 84' lang='lat' dir='ltr'><em>sexta</em></span> <span class='ocrx_word' id='word_1_141' title='bbox 782 1157 948 1199; x_wconf 86' lang='lat' dir='ltr'><em>leniens</em></span> <span class='ocrx_word' id='word_1_142' title='bbox 958 1162 1123 1210; x_wconf 82' lang='lat' dir='ltr'><em>pectus,</em></span> <span class='ocrx_word' id='word_1_143' title='bbox 1144 1156 1370 1210; x_wconf 81' lang='lat' dir='ltr'><em>conferens</em></span> <span class='ocrx_word' id='word_1_144' title='bbox 1392 1156 1719 1210; x_wconf 80' lang='lat' dir='ltr'><em>respiraniento,</em></span> <span class='ocrx_word' id='word_1_145' title='bbox 1751 1168 1817 1196; x_wconf 83' lang='lat' dir='ltr'><em>re·</em></span> <span class='ocrx_word' id='word_1_146' title='bbox 1871 1163 1878 1174; x_wconf 79' lang='grc'><em>’</em></span> 
     </span>
     <span class='ocr_line' id='line_1_19' title="bbox 318 1225 1901 1286; baseline -0.002 -14"><span class='ocrx_word' id='word_1_147' title='bbox 318 1238 493 1286; x_wconf 77' lang='lat' dir='ltr'><em>parans</em></span> <span class='ocrx_word' id='word_1_148' title='bbox 513 1229 796 1276; x_wconf 74' lang='lat' dir='ltr'><em>stomachum,</em></span> <span class='ocrx_word' id='word_1_149' title='bbox 818 1226 1026 1282; x_wconf 77' lang='lat' dir='ltr'><em>repellens</em></span> <span class='ocrx_word' id='word_1_150' title='bbox 1048 1225 1240 1268; x_wconf 83' lang='lat' dir='ltr'><em>dolorem</em></span> <span class='ocrx_word' id='word_1_151' title='bbox 1261 1226 1459 1268; x_wconf 80' lang='lat' dir='ltr'><em>dencium</em></span> <span class='ocrx_word' id='word_1_152' title='bbox 1481 1233 1524 1268; x_wconf 86' lang='lat' dir='ltr'><em>et</em></span> <span class='ocrx_word' id='word_1_153' title='bbox 1544 1239 1710 1268; x_wconf 80' lang='lat' dir='ltr'><em>renmn.</em></span> <span class='ocrx_word' id='word_1_154' title='bbox 1842 1236 1901 1282; x_wconf 67' lang='lat'><em>¹⁵³</em></span> 
     </span>
    </p>
   </div>
   <div class='ocr_carea' id='block_1_7' title="bbox 40 1314 1908 1439">
    <p class='ocr_par' dir='ltr' id='par_1_13' title="bbox 40 1314 1908 1439">
     <span class='ocr_line' id='line_1_20' title="bbox 40 1314 1908 1426; baseline 0.002 -75"><span class='ocrx_word' id='word_1_155' title='bbox 40 1343 192 1370; x_wconf 50' lang='lat' dir='ltr'>Thesmh</span> <span class='ocrx_word' id='word_1_156' title='bbox 207 1342 293 1369; x_wconf 57' lang='lat' dir='ltr'>medi,</span> <span class='ocrx_word' id='word_1_157' title='bbox 337 1319 594 1426; x_wconf 73' lang='lat' dir='ltr'><em>Sumatur</em></span> <span class='ocrx_word' id='word_1_158' title='bbox 615 1330 718 1357; x_wconf 91' lang='lat' dir='ltr'><em>cum</em></span> <span class='ocrx_word' id='word_1_159' title='bbox 737 1315 822 1356; x_wconf 89' lang='lat' dir='ltr'><em>Dei</em></span> <span class='ocrx_word' id='word_1_160' title='bbox 846 1314 1160 1356; x_wconf 88' lang='lat' dir='ltr'><em>benediccione</em></span> <span class='ocrx_word' id='word_1_161' title='bbox 1182 1316 1238 1356; x_wconf 92' lang='lat' dir='ltr'><em>de</em></span> <span class='ocrx_word' id='word_1_162' title='bbox 1260 1314 1458 1356; x_wconf 87' lang='lat' dir='ltr'><em>colatura</em></span> <span class='ocrx_word' id='word_1_163' title='bbox 1475 1314 1693 1355; x_wconf 90' lang='lat' dir='ltr'><em>seminum</em></span> <span class='ocrx_word' id='word_1_164' title='bbox 1715 1325 1819 1354; x_wconf 91' lang='lat' dir='ltr'><em>con·</em></span> <span class='ocrx_word' id='word_1_165' title='bbox 1906 1314 1908 1364; x_wconf 68' lang='grc'>1</span> 
     </span>
     <span class='ocr_line' id='line_1_21' title="bbox 40 1377 1888 1439; baseline -0.001 -13"><span class='ocrx_word' id='word_1_166' title='bbox 40 1377 220 1405; x_wconf 59' lang='lat' dir='ltr'><em>⁰³¹¹²f⁰¹⁰¹⁸</em></span> <span class='ocrx_word' id='word_1_167' title='bbox 419 1388 654 1430; x_wconf 88' lang='lat' dir='ltr'><em>trariorum</em></span> <span class='ocrx_word' id='word_1_168' title='bbox 672 1385 688 1409; x_wconf 76' lang='lat'>³</span> <span class='ocrx_word' id='word_1_169' title='bbox 721 1386 918 1427; x_wconf 90' lang='lat' dir='ltr'><em>medium</em></span> <span class='ocrx_word' id='word_1_170' title='bbox 949 1389 957 1406; x_wconf 87' lang='lat'>‘</span> <span class='ocrx_word' id='word_1_171' title='bbox 977 1385 1083 1426; x_wconf 88' lang='lat' dir='ltr'><em>sub&#39;</em></span> <span class='ocrx_word' id='word_1_172' title='bbox 1107 1385 1165 1426; x_wconf 90' lang='lat' dir='ltr'><em>de</em></span> <span class='ocrx_word' id='word_1_173' title='bbox 1188 1384 1394 1438; x_wconf 83' lang='lat' dir='ltr'><em>qualibet,</em></span> <span class='ocrx_word' id='word_1_174' title='bbox 1416 1386 1473 1426; x_wconf 93' lang='lat' dir='ltr'><em>de</em></span> <span class='ocrx_word' id='word_1_175' title='bbox 1496 1384 1619 1439; x_wconf 85' lang='lat' dir='ltr'><em>gumi</em></span> <span class='ocrx_word' id='word_1_176' title='bbox 1646 1383 1822 1425; x_wconf 86' lang='lat' dir='ltr'><em>arabico</em></span> <span class='ocrx_word' id='word_1_177' title='bbox 1884 1432 1888 1435; x_wconf 33' lang='lat'>·</span> 
     </span>
    </p>
   </div>
   <div class='ocr_carea' id='block_1_8' title="bbox 39 1411 1887 1792">
    <p class='ocr_par' dir='ltr' id='par_1_14' title="bbox 40 1411 297 1444">
     <span class='ocr_line' id='line_1_22' title="bbox 40 1411 297 1444; baseline -0.008 -5"><span class='ocrx_word' id='word_1_178' title='bbox 40 1412 144 1444; x_wconf 75' lang='lat' dir='ltr'><em>breast.</em></span> <span class='ocrx_word' id='word_1_179' title='bbox 159 1411 297 1443; x_wconf 83' lang='lat' dir='ltr'><em>stomach,</em></span> 
     </span>
    </p>

    <p class='ocr_par' dir='ltr' id='par_1_15' title="bbox 39 1445 1887 1792">
     <span class='ocr_line' id='line_1_23' title="bbox 39 1445 1820 1512; baseline -0.002 -12"><span class='ocrx_word' id='word_1_180' title='bbox 39 1445 301 1480; x_wconf 56' lang='lat' dir='ltr'><em>‘ee‘h²‘³⁰d‘³³¹¹⁵‘</em></span> <span class='ocrx_word' id='word_1_181' title='bbox 334 1459 462 1500; x_wconf 90' lang='lat' dir='ltr'><em>uncie</em></span> <span class='ocrx_word' id='word_1_182' title='bbox 496 1457 566 1512; x_wconf 85' lang='lat' dir='ltr'><em>.iij.</em></span> <span class='ocrx_word' id='word_1_183' title='bbox 598 1464 642 1498; x_wconf 90' lang='lat' dir='ltr'><em>et</em></span> <span class='ocrx_word' id='word_1_184' title='bbox 668 1457 725 1498; x_wconf 92' lang='lat' dir='ltr'><em>de</em></span> <span class='ocrx_word' id='word_1_185' title='bbox 757 1456 905 1511; x_wconf 87' lang='lat' dir='ltr'><em>granis</em></span> <span class='ocrx_word' id='word_1_186' title='bbox 936 1457 1028 1510; x_wconf 90' lang='lat' dir='ltr'><em>pini</em></span> <span class='ocrx_word' id='word_1_187' title='bbox 1062 1456 1191 1497; x_wconf 87' lang='lat' dir='ltr'><em>uncia</em></span> <span class='ocrx_word' id='word_1_188' title='bbox 1216 1457 1253 1497; x_wconf 87' lang='lat' dir='ltr'><em>.i.</em></span> <span class='ocrx_word' id='word_1_189' title='bbox 1320 1455 1634 1497; x_wconf 90' lang='lat' dir='ltr'><em>Dissolvantur</em></span> <span class='ocrx_word' id='word_1_190' title='bbox 1666 1468 1820 1497; x_wconf 92' lang='lat' dir='ltr'><em>omnes</em></span> 
     </span>
     <span class='ocr_line' id='line_1_24' title="bbox 333 1524 1881 1582; baseline -0.002 -14"><span class='ocrx_word' id='word_1_191' title='bbox 333 1528 376 1569; x_wconf 90' lang='lat' dir='ltr'><em>in</em></span> <span class='ocrx_word' id='word_1_192' title='bbox 399 1542 513 1582; x_wconf 88' lang='lat' dir='ltr'><em>aqua</em></span> <span class='ocrx_word' id='word_1_193' title='bbox 536 1534 683 1569; x_wconf 86' lang='lat' dir='ltr'><em>rosata</em></span> <span class='ocrx_word' id='word_1_194' title='bbox 706 1533 750 1568; x_wconf 86' lang='lat' dir='ltr'><em>et</em></span> <span class='ocrx_word' id='word_1_195' title='bbox 779 1533 1060 1582; x_wconf 85' lang='lat' dir='ltr'><em>apponantur</em></span> <span class='ocrx_word' id='word_1_196' title='bbox 1084 1527 1140 1568; x_wconf 93' lang='lat' dir='ltr'><em>de</em></span> <span class='ocrx_word' id='word_1_197' title='bbox 1163 1526 1295 1568; x_wconf 90' lang='lat' dir='ltr'><em>melle</em></span> <span class='ocrx_word' id='word_1_198' title='bbox 1325 1534 1560 1581; x_wconf 87' lang='lat' dir='ltr'><em>preparato</em></span> <span class='ocrx_word' id='word_1_199' title='bbox 1581 1527 1591 1544; x_wconf 86' lang='lat'><em>‘</em></span> <span class='ocrx_word' id='word_1_200' title='bbox 1606 1524 1712 1568; x_wconf 91' lang='lat' dir='ltr'><em>sub&#39;</em></span> <span class='ocrx_word' id='word_1_201' title='bbox 1735 1525 1820 1580; x_wconf 90' lang='lat' dir='ltr'><em>.iij.,</em></span> <span class='ocrx_word' id='word_1_202' title='bbox 1877 1563 1881 1565; x_wconf 13' lang='lat' dir='ltr'><em>i</em></span> 
     </span>
     <span class='ocr_line' id='line_1_25' title="bbox 332 1597 1883 1652; baseline -0.002 -13"><span class='ocrx_word' id='word_1_203' title='bbox 332 1605 377 1641; x_wconf 90' lang='lat' dir='ltr'><em>et</em></span> <span class='ocrx_word' id='word_1_204' title='bbox 411 1598 669 1652; x_wconf 87' lang='lat' dir='ltr'><em>inspissetur</em></span> <span class='ocrx_word' id='word_1_205' title='bbox 706 1598 824 1639; x_wconf 86' lang='lat' dir='ltr'><em>bona</em></span> <span class='ocrx_word' id='word_1_206' title='bbox 862 1597 1179 1652; x_wconf 90' lang='lat' dir='ltr'><em>inspissacione</em></span> <span class='ocrx_word' id='word_1_207' title='bbox 1221 1610 1351 1651; x_wconf 90' lang='lat' dir='ltr'><em>super</em></span> <span class='ocrx_word' id='word_1_208' title='bbox 1389 1597 1549 1652; x_wconf 84' lang='lat' dir='ltr'><em>ignem.</em></span> <span class='ocrx_word' id='word_1_209' title='bbox 1616 1597 1714 1638; x_wconf 89' lang='lat' dir='ltr'><em>Hec</em></span> <span class='ocrx_word' id='word_1_210' title='bbox 1756 1602 1883 1639; x_wconf 72' lang='lat' dir='ltr'><em>estao</em></span> 
     </span>
     <span class='ocr_line' id='line_1_26' title="bbox 334 1666 1887 1722; baseline -0.003 -12"><span class='ocrx_word' id='word_1_211' title='bbox 334 1668 554 1710; x_wconf 88' lang='lat' dir='ltr'><em>medicina</em></span> <span class='ocrx_word' id='word_1_212' title='bbox 587 1674 733 1715; x_wconf 80' lang='lat' dir='ltr'><em>sexta,</em></span> <span class='ocrx_word' id='word_1_213' title='bbox 756 1666 880 1720; x_wconf 90' lang='lat' dir='ltr'><em>cujus</em></span> <span class='ocrx_word' id='word_1_214' title='bbox 913 1667 1161 1721; x_wconf 84' lang='lat' dir='ltr'><em>proprietas</em></span> <span class='ocrx_word' id='word_1_215' title='bbox 1194 1674 1259 1708; x_wconf 87' lang='lat' dir='ltr'><em>est</em></span> <span class='ocrx_word' id='word_1_216' title='bbox 1293 1666 1413 1708; x_wconf 88' lang='lat' dir='ltr'><em>linire</em></span> <span class='ocrx_word' id='word_1_217' title='bbox 1446 1673 1614 1722; x_wconf 90' lang='lat' dir='ltr'><em>pectus,</em></span> <span class='ocrx_word' id='word_1_218' title='bbox 1645 1674 1690 1709; x_wconf 88' lang='lat' dir='ltr'><em>et</em></span> <span class='ocrx_word' id='word_1_219' title='bbox 1721 1680 1822 1708; x_wconf 89' lang='lat' dir='ltr'><em>con·</em></span> <span class='ocrx_word' id='word_1_220' title='bbox 1884 1703 1887 1705; x_wconf 74' lang='grc'>,</span> 
     </span>
     <span class='ocr_line' id='line_1_27' title="bbox 331 1736 1821 1792; baseline -0.001 -12"><span class='ocrx_word' id='word_1_221' title='bbox 331 1737 443 1780; x_wconf 86' lang='lat' dir='ltr'><em>serre</em></span> <span class='ocrx_word' id='word_1_222' title='bbox 469 1738 805 1792; x_wconf 85' lang='lat' dir='ltr'><em>respiramento,</em></span> <span class='ocrx_word' id='word_1_223' title='bbox 829 1744 1003 1790; x_wconf 84' lang='lat' dir='ltr'><em>reparat</em></span> <span class='ocrx_word' id='word_1_224' title='bbox 1030 1737 1324 1788; x_wconf 89' lang='lat' dir='ltr'><em>stomachum,</em></span> <span class='ocrx_word' id='word_1_225' title='bbox 1347 1743 1391 1779; x_wconf 92' lang='lat' dir='ltr'><em>et</em></span> <span class='ocrx_word' id='word_1_226' title='bbox 1423 1736 1593 1792; x_wconf 86' lang='lat' dir='ltr'><em>repellit</em></span> <span class='ocrx_word' id='word_1_227' title='bbox 1621 1736 1821 1779; x_wconf 91' lang='lat' dir='ltr'><em>dolorem</em></span> 
     </span>
    </p>
   </div>
   <div class='ocr_carea' id='block_1_9' title="bbox 332 1809 792 1851">
    <p class='ocr_par' dir='ltr' id='par_1_16' title="bbox 332 1809 792 1851">
     <span class='ocr_line' id='line_1_28' title="bbox 332 1809 792 1851; baseline -0.007 0"><span class='ocrx_word' id='word_1_228' title='bbox 332 1809 537 1851; x_wconf 90' lang='lat' dir='ltr'><em>dencium</em></span> <span class='ocrx_word' id='word_1_229' title='bbox 561 1814 605 1849; x_wconf 93' lang='lat' dir='ltr'><em>et</em></span> <span class='ocrx_word' id='word_1_230' title='bbox 628 1820 792 1849; x_wconf 89' lang='lat' dir='ltr'><em>renum.</em></span> 
     </span>
    </p>
   </div>
   <div class='ocr_carea' id='block_1_10' title="bbox 391 1928 1807 1984">
    <p class='ocr_par' dir='ltr' id='par_1_17' title="bbox 391 1928 1807 1984">
     <span class='ocr_line' id='line_1_29' title="bbox 391 1928 1807 1984; baseline 0.001 -13"><span class='ocrx_word' id='word_1_231' title='bbox 391 1928 620 1971; x_wconf 72' lang='lat' dir='ltr'><em>Medicina</em></span> <span class='ocrx_word' id='word_1_232' title='bbox 642 1941 693 1982; x_wconf 88' lang='lat'><em>.7.</em></span> <span class='ocrx_word' id='word_1_233' title='bbox 720 1936 934 1984; x_wconf 74' lang='lat' dir='ltr'><em>reparans</em></span> <span class='ocrx_word' id='word_1_234' title='bbox 952 1928 1222 1970; x_wconf 73' lang='lat' dir='ltr'><em>stomachum</em></span> <span class='ocrx_word' id='word_1_235' title='bbox 1245 1936 1286 1970; x_wconf 93' lang='lat' dir='ltr'><em>et</em></span> <span class='ocrx_word' id='word_1_236' title='bbox 1295 1929 1472 1984; x_wconf 78' lang='lat' dir='ltr'><em>fugans</em></span> <span class='ocrx_word' id='word_1_237' title='bbox 1493 1930 1807 1974; x_wconf 84' lang='lat' dir='ltr'><em>ventositatem.</em></span> 
     </span>
    </p>
   </div>
   <div class='ocr_carea' id='block_1_11' title="bbox 46 2017 1883 2353">
    <p class='ocr_par' dir='ltr' id='par_1_18' title="bbox 46 2017 1883 2353">
     <span class='ocr_line' id='line_1_30' title="bbox 46 2017 1883 2128; baseline -0.004 -63"><span class='ocrx_word' id='word_1_238' title='bbox 46 2037 240 2076; x_wconf 47' lang='lat' dir='ltr'><em>Thepqvemh</em></span> <span class='ocrx_word' id='word_1_239' title='bbox 340 2021 597 2128; x_wconf 75' lang='lat' dir='ltr'><em>Sumatur</em></span> <span class='ocrx_word' id='word_1_240' title='bbox 614 2031 716 2058; x_wconf 89' lang='lat' dir='ltr'><em>cum</em></span> <span class='ocrx_word' id='word_1_241' title='bbox 737 2017 821 2058; x_wconf 90' lang='lat' dir='ltr'><em>Dei</em></span> <span class='ocrx_word' id='word_1_242' title='bbox 841 2017 1154 2058; x_wconf 90' lang='lat' dir='ltr'><em>benediccione</em></span> <span class='ocrx_word' id='word_1_243' title='bbox 1169 2017 1222 2057; x_wconf 92' lang='lat' dir='ltr'><em>de</em></span> <span class='ocrx_word' id='word_1_244' title='bbox 1239 2017 1359 2071; x_wconf 90' lang='lat' dir='ltr'><em>spica</em></span> <span class='ocrx_word' id='word_1_245' title='bbox 1377 2017 1523 2058; x_wconf 86' lang='lat' dir='ltr'><em>indica</em></span> <span class='ocrx_word' id='word_1_246' title='bbox 1540 2017 1824 2072; x_wconf 86' lang='lat' dir='ltr'><em>d1·agme.iij.‚</em></span> <span class='ocrx_word' id='word_1_247' title='bbox 1844 2029 1883 2065; x_wconf 82' lang='lat'><em>25</em></span> 
     </span>
     <span class='ocr_line' id='line_1_31' title="bbox 46 2071 1823 2142; baseline 0.001 -13"><span class='ocrx_word' id='word_1_248' title='bbox 46 2071 241 2099; x_wconf 54' lang='lat' dir='ltr'>medmmesm</span> <span class='ocrx_word' id='word_1_249' title='bbox 423 2095 466 2130; x_wconf 91' lang='lat' dir='ltr'><em>et</em></span> <span class='ocrx_word' id='word_1_250' title='bbox 494 2088 548 2129; x_wconf 91' lang='lat' dir='ltr'><em>de</em></span> <span class='ocrx_word' id='word_1_251' title='bbox 571 2088 740 2136; x_wconf 84' lang='lat' dir='ltr'><em>arctim,</em></span> <span class='ocrx_word' id='word_1_252' title='bbox 756 2094 800 2129; x_wconf 91' lang='lat' dir='ltr'><em>et</em></span> <span class='ocrx_word' id='word_1_253' title='bbox 816 2093 991 2129; x_wconf 89' lang='lat' dir='ltr'><em>tantum</em></span> <span class='ocrx_word' id='word_1_254' title='bbox 1015 2087 1070 2128; x_wconf 90' lang='lat' dir='ltr'><em>de</em></span> <span class='ocrx_word' id='word_1_255' title='bbox 1092 2100 1282 2136; x_wconf 85' lang='lat' dir='ltr'><em>amomo,</em></span> <span class='ocrx_word' id='word_1_256' title='bbox 1301 2093 1344 2127; x_wconf 87' lang='lat' dir='ltr'><em>et</em></span> <span class='ocrx_word' id='word_1_257' title='bbox 1362 2087 1418 2128; x_wconf 92' lang='lat' dir='ltr'><em>de</em></span> <span class='ocrx_word' id='word_1_258' title='bbox 1436 2077 1618 2130; x_wconf 81' lang='lat' dir='ltr'><em>cubebis</em></span> <span class='ocrx_word' id='word_1_259' title='bbox 1639 2088 1823 2142; x_wconf 84' lang='lat' dir='ltr'><em>dragme</em></span> 
     </span>
     <span class='ocr_line' id='line_1_32' title="bbox 334 2145 1822 2213; baseline 0 -14"><span class='ocrx_word' id='word_1_260' title='bbox 334 2158 422 2213; x_wconf 89' lang='lat' dir='ltr'><em>.iij.,</em></span> <span class='ocrx_word' id='word_1_261' title='bbox 457 2158 674 2212; x_wconf 88' lang='lat' dir='ltr'><em>equaliter</em></span> <span class='ocrx_word' id='word_1_262' title='bbox 712 2159 768 2199; x_wconf 88' lang='lat' dir='ltr'><em>de</em></span> <span class='ocrx_word' id='word_1_263' title='bbox 806 2157 1005 2199; x_wconf 83' lang='lat' dir='ltr'><em>corawed</em></span> <span class='ocrx_word' id='word_1_264' title='bbox 1045 2156 1176 2210; x_wconf 85' lang='lat' dir='ltr'><em>longo</em></span> <span class='ocrx_word' id='word_1_265' title='bbox 1192 2145 1197 2149; x_wconf 54' lang='grc'><strong>’</strong></span> <span class='ocrx_word' id='word_1_266' title='bbox 1215 2162 1258 2197; x_wconf 92' lang='lat' dir='ltr'><em>et</em></span> <span class='ocrx_word' id='word_1_267' title='bbox 1293 2157 1413 2198; x_wconf 87' lang='lat' dir='ltr'><em>brevi</em></span> <span class='ocrx_word' id='word_1_268' title='bbox 1446 2157 1631 2211; x_wconf 85' lang='lat' dir='ltr'><em>dragme</em></span> <span class='ocrx_word' id='word_1_269' title='bbox 1663 2158 1746 2213; x_wconf 87' lang='lat' dir='ltr'><em>.iij.,</em></span> <span class='ocrx_word' id='word_1_270' title='bbox 1779 2164 1822 2199; x_wconf 91' lang='lat' dir='ltr'><em>et</em></span> 
     </span>
     <span class='ocr_line' id='line_1_33' title="bbox 334 2226 1825 2282; baseline 0 -13"><span class='ocrx_word' id='word_1_271' title='bbox 334 2235 559 2282; x_wconf 86' lang='lat' dir='ltr'><em>ponantur</em></span> <span class='ocrx_word' id='word_1_272' title='bbox 576 2236 665 2269; x_wconf 87' lang='lat' dir='ltr'><em>tres</em></span> <span class='ocrx_word' id='word_1_273' title='bbox 691 2232 698 2248; x_wconf 74' lang='lat'><strong>⁶</strong></span> <span class='ocrx_word' id='word_1_274' title='bbox 715 2229 795 2269; x_wconf 90' lang='lat' dir='ltr'><em>sub</em></span> <span class='ocrx_word' id='word_1_275' title='bbox 813 2227 820 2241; x_wconf 94' lang='lat'><em>&#39;</em></span> <span class='ocrx_word' id='word_1_276' title='bbox 842 2241 955 2281; x_wconf 87' lang='lat' dir='ltr'><em>aque</em></span> <span class='ocrx_word' id='word_1_277' title='bbox 974 2226 1127 2275; x_wconf 89' lang='lat' dir='ltr'><em>dulcis,</em></span> <span class='ocrx_word' id='word_1_278' title='bbox 1147 2234 1190 2268; x_wconf 85' lang='lat' dir='ltr'><em>et</em></span> <span class='ocrx_word' id='word_1_279' title='bbox 1214 2227 1372 2267; x_wconf 88' lang='lat' dir='ltr'><em>iterum</em></span> <span class='ocrx_word' id='word_1_280' title='bbox 1391 2233 1480 2268; x_wconf 86' lang='lat' dir='ltr'><em>stet</em></span> <span class='ocrx_word' id='word_1_281' title='bbox 1502 2227 1644 2270; x_wconf 90' lang='lat' dir='ltr'><em>donec</em></span> <span class='ocrx_word' id='word_1_282' title='bbox 1661 2231 1793 2270; x_wconf 84' lang='lat' dir='ltr'><em>exeat</em></span> <span class='ocrx_word' id='word_1_283' title='bbox 1807 2227 1825 2252; x_wconf 75' lang='lat'><strong>⁴</strong></span> 
     </span>
     <span class='ocr_line' id='line_1_34' title="bbox 334 2291 1883 2353; baseline 0.001 -14"><span class='ocrx_word' id='word_1_284' title='bbox 334 2298 474 2340; x_wconf 84' lang='lat' dir='ltr'><em>virtus</em></span> <span class='ocrx_word' id='word_1_285' title='bbox 498 2299 602 2353; x_wconf 90' lang='lat' dir='ltr'><em>ejus.</em></span> <span class='ocrx_word' id='word_1_286' title='bbox 668 2298 843 2339; x_wconf 87' lang='lat' dir='ltr'><em>Deinde</em></span> <span class='ocrx_word' id='word_1_287' title='bbox 866 2304 1032 2340; x_wconf 85' lang='lat' dir='ltr'><em>teratur</em></span> <span class='ocrx_word' id='word_1_288' title='bbox 1055 2304 1099 2338; x_wconf 87' lang='lat' dir='ltr'><em>et</em></span> <span class='ocrx_word' id='word_1_289' title='bbox 1123 2296 1303 2346; x_wconf 88' lang='lat' dir='ltr'><em>coletur,</em></span> <span class='ocrx_word' id='word_1_290' title='bbox 1322 2303 1364 2337; x_wconf 86' lang='lat' dir='ltr'><em>et</em></span> <span class='ocrx_word' id='word_1_291' title='bbox 1389 2298 1677 2350; x_wconf 87' lang='lat' dir='ltr'><em>ponanturde</em></span> <span class='ocrx_word' id='word_1_292' title='bbox 1696 2298 1825 2341; x_wconf 88' lang='lat' dir='ltr'><em>melle</em></span> <span class='ocrx_word' id='word_1_293' title='bbox 1880 2291 1883 2297; x_wconf 45' lang='lat'><strong>¹</strong></span> 
     </span>
    </p>
   </div>
   <div class='ocr_carea' id='block_1_12' title="bbox 46 2105 238 2167">
    <p class='ocr_par' dir='ltr' id='par_1_19' title="bbox 46 2105 238 2167">
     <span class='ocr_line' id='line_1_35' title="bbox 46 2105 238 2133; baseline -0.005 -1"><span class='ocrx_word' id='word_1_294' title='bbox 46 2106 95 2133; x_wconf 89' lang='lat' dir='ltr'><em>the</em></span> <span class='ocrx_word' id='word_1_295' title='bbox 108 2105 238 2132; x_wconf 83' lang='lat' dir='ltr'><em>stomach</em></span> 
     </span>
     <span class='ocr_line' id='line_1_36' title="bbox 46 2139 202 2167; baseline 0 0"><span class='ocrx_word' id='word_1_296' title='bbox 46 2141 103 2167; x_wconf 84' lang='lat' dir='ltr'><em>and</em></span> <span class='ocrx_word' id='word_1_297' title='bbox 119 2139 202 2167; x_wconf 83' lang='lat' dir='ltr'><em>wind.</em></span> 
     </span>
    </p>
   </div>
   <div class='ocr_carea' id='block_1_13' title="bbox 334 2383 434 2390">
    <p class='ocr_par' dir='ltr' id='par_1_20' title="bbox 334 2383 434 2390">
     <span class='ocr_line' id='line_1_37' title="bbox 334 2383 434 2390; baseline 0 0"><span class='ocrx_word' id='word_1_298' title='bbox 334 2383 434 2390; x_wconf 95' lang='lat' dir='ltr'><em> </em></span> 
     </span>
    </p>
   </div>
   <div class='ocr_carea' id='block_1_14' title="bbox 342 2563 504 2568">
    <p class='ocr_par' dir='ltr' id='par_1_21' title="bbox 342 2563 504 2568">
     <span class='ocr_line' id='line_1_38' title="bbox 342 2563 504 2568; baseline 0 0"><span class='ocrx_word' id='word_1_299' title='bbox 342 2563 504 2568; x_wconf 95' lang='lat' dir='ltr'><em> </em></span> 
     </span>
    </p>
   </div>
   <div class='ocr_carea' id='block_1_15' title="bbox 505 2563 728 2569">
    <p class='ocr_par' dir='ltr' id='par_1_22' title="bbox 505 2563 728 2569">
     <span class='ocr_line' id='line_1_39' title="bbox 505 2563 728 2569; baseline 0 0"><span class='ocrx_word' id='word_1_300' title='bbox 505 2563 728 2569; x_wconf 95' lang='lat' dir='ltr'><em> </em></span> 
     </span>
    </p>
   </div>
   <div class='ocr_carea' id='block_1_16' title="bbox 383 2423 1889 2753">
    <p class='ocr_par' dir='ltr' id='par_1_23' title="bbox 391 2423 1889 2527">
     <span class='ocr_line' id='line_1_40' title="bbox 391 2423 1889 2473; baseline -0.001 -10"><span class='ocrx_word' id='word_1_301' title='bbox 391 2425 403 2447; x_wconf 85' lang='lat'><strong>¹</strong></span> <span class='ocrx_word' id='word_1_302' title='bbox 433 2425 638 2464; x_wconf 84' lang='lat' dir='ltr'><em>arabicum</em></span> <span class='ocrx_word' id='word_1_303' title='bbox 660 2437 822 2462; x_wconf 86' lang='lat' dir='ltr'><em>nomen.</em></span> <span class='ocrx_word' id='word_1_304' title='bbox 1104 2425 1117 2444; x_wconf 86' lang='lat'><em>‘·&#39;</em></span> <span class='ocrx_word' id='word_1_305' title='bbox 1145 2435 1270 2473; x_wconf 84' lang='lat' dir='ltr'><em>genus</em></span> <span class='ocrx_word' id='word_1_306' title='bbox 1293 2436 1477 2462; x_wconf 86' lang='lat' dir='ltr'><em>mensure</em></span> <span class='ocrx_word' id='word_1_307' title='bbox 1500 2431 1541 2462; x_wconf 89' lang='lat' dir='ltr'><em>ut</em></span> <span class='ocrx_word' id='word_1_308' title='bbox 1563 2423 1671 2463; x_wconf 88' lang='lat' dir='ltr'><em>libra.</em></span> <span class='ocrx_word' id='word_1_309' title='bbox 1844 2432 1889 2465; x_wconf 73' lang='lat'><em>30</em></span> 
     </span>
     <span class='ocr_line' id='line_1_41' title="bbox 392 2480 1443 2527; baseline -0.003 -8"><span class='ocrx_word' id='word_1_310' title='bbox 392 2481 405 2501; x_wconf 84' lang='lat'><strong>³</strong></span> <span class='ocrx_word' id='word_1_311' title='bbox 435 2482 508 2527; x_wconf 84' lang='lat' dir='ltr'><em>vel,</em></span> <span class='ocrx_word' id='word_1_312' title='bbox 533 2487 804 2518; x_wconf 82' lang='lat' dir='ltr'><em>coctanorum.</em></span> <span class='ocrx_word' id='word_1_313' title='bbox 1235 2480 1247 2497; x_wconf 81' lang='lat'>⁴</span> <span class='ocrx_word' id='word_1_314' title='bbox 1278 2486 1443 2516; x_wconf 85' lang='lat' dir='ltr'><em>crescat.</em></span> 
     </span>
    </p>

    <p class='ocr_par' dir='ltr' id='par_1_24' title="bbox 383 2599 1769 2641">
     <span class='ocr_line' id='line_1_42' title="bbox 383 2599 1769 2641; baseline 0.001 -10"><span class='ocrx_word' id='word_1_315' title='bbox 383 2613 401 2640; x_wconf 86' lang='lat'>4</span> <span class='ocrx_word' id='word_1_316' title='bbox 429 2601 583 2641; x_wconf 85' lang='lat' dir='ltr'><em>Chapter</em></span> <span class='ocrx_word' id='word_1_317' title='bbox 599 2602 682 2632; x_wconf 83' lang='lat' dir='ltr'><em>lxxi.</em></span> <span class='ocrx_word' id='word_1_318' title='bbox 706 2600 741 2631; x_wconf 78' lang='lat' dir='ltr'><em>V.</em></span> <span class='ocrx_word' id='word_1_319' title='bbox 862 2601 900 2631; x_wconf 89' lang='lat'><em>16</em></span> <span class='ocrx_word' id='word_1_320' title='bbox 924 2600 1077 2640; x_wconf 86' lang='lat' dir='ltr'><em>Chapter</em></span> <span class='ocrx_word' id='word_1_321' title='bbox 1095 2599 1188 2631; x_wconf 82' lang='lat' dir='ltr'><em>lxxii.</em></span> <span class='ocrx_word' id='word_1_322' title='bbox 1208 2600 1244 2630; x_wconf 89' lang='lat' dir='ltr'><em>V.</em></span> <span class='ocrx_word' id='word_1_323' title='bbox 1362 2610 1403 2639; x_wconf 85' lang='lat'><em>25</em></span> <span class='ocrx_word' id='word_1_324' title='bbox 1431 2600 1585 2640; x_wconf 84' lang='lat' dir='ltr'><em>Chapter</em></span> <span class='ocrx_word' id='word_1_325' title='bbox 1603 2600 1708 2631; x_wconf 79' lang='lat' dir='ltr'><em>lxxiii.</em></span> <span class='ocrx_word' id='word_1_326' title='bbox 1732 2599 1769 2633; x_wconf 89' lang='lat' dir='ltr'><em>V.</em></span> 
     </span>
    </p>

    <p class='ocr_par' dir='ltr' id='par_1_25' title="bbox 383 2711 1447 2753">
     <span class='ocr_line' id='line_1_43' title="bbox 383 2711 1447 2753; baseline -0.002 -9"><span class='ocrx_word' id='word_1_327' title='bbox 383 2723 424 2744; x_wconf 80' lang='lat'><em>2¹</em></span> <span class='ocrx_word' id='word_1_328' title='bbox 451 2713 566 2753; x_wconf 84' lang='lat' dir='ltr'><em>linire]</em></span> <span class='ocrx_word' id='word_1_329' title='bbox 584 2712 692 2743; x_wconf 86' lang='lat' dir='ltr'><em>lenire</em></span> <span class='ocrx_word' id='word_1_330' title='bbox 709 2723 787 2743; x_wconf 81' lang='lat' dir='ltr'><em>corr.</em></span> <span class='ocrx_word' id='word_1_331' title='bbox 972 2721 1014 2751; x_wconf 91' lang='lat'><em>29</em></span> <span class='ocrx_word' id='word_1_332' title='bbox 1037 2711 1182 2752; x_wconf 72' lang='lat' dir='ltr'><em>teratur]</em></span> <span class='ocrx_word' id='word_1_333' title='bbox 1202 2712 1354 2742; x_wconf 83' lang='lat' dir='ltr'><em>trahatur</em></span> <span class='ocrx_word' id='word_1_334' title='bbox 1369 2721 1447 2742; x_wconf 86' lang='lat' dir='ltr'><em>corr.</em></span> 
     </span>
    </p>
   </div>
  </div>
 </body>
</html>
