1908 3126
1041 77 1090 107 12

374 182 478 221 Cum
514 181 630 232 igitur
666 182 756 231 ‘ge'
789 182 916 219 Grece
946 179 995 218 sit
1028 182 1173 218 ‘terra'
1206 179 1358 228 Latine,
1382 187 1421 218 et
1454 179 1652 219 ‘mancia'
1686 179 1806 218 ‘divi-

319 247 436 286 nacio
452 248 473 296 ',
495 249 572 286 1100
593 254 664 294 est,
683 245 879 296 judicium
897 247 948 285 de
969 246 1121 294 futuris,
1137 260 1216 285 una
1238 246 1310 285 erit
1324 247 1561 297 geomancia
1581 245 1734 297 magica
1754 246 1806 285 de

319 327 398 364 qua
418 313 571 352 dictum
593 313 665 351 fuit
695 311 886 364 superius,
910 319 949 351 et
970 311 1045 350 alia
1075 312 1267 363 castigato
1298 311 1462 351 nomine
1483 320 1660 363 estpars
1681 310 1807 362 philo-

318 378 458 430 sophie
480 392 568 429 que,
593 378 753 426 scilicet,
776 377 1005 417 considerat
1021 377 1132 429 signa
1152 378 1193 417 in
1213 377 1454 417 animalibus
1467 385 1506 417 et
1527 377 1669 417 ceteris
1687 378 1806 417 rebus

316 444 565 484 terrestribus
586 457 704 495 super
724 445 864 491 futura,
883 457 959 483 nec
980 444 1102 483 habet
1117 444 1268 495 aliquid
1290 444 1468 484 falsitatis
1490 444 1522 484 si
1543 443 1807 490 bene‘intelli-
1825 462 1844 496 5

314 518 439 562 gatur.
500 511 687 550 Similiter
720 512 861 561 ‘ydor'
892 512 1021 550 Grece
1057 519 1115 550 est
1148 513 1301 562 ‘aqua'
1342 512 1483 551 Latine
1522 519 1561 551 et
1602 510 1806 549 ‘mancia'

320 580 328 596 ‘
342 577 542 616 divinacio
560 579 566 594 ⁷
588 578 670 616 sive
690 576 900 628 judicium,
925 585 967 616 ut
997 578 1216 617 honestiori
1238 585 1396 617 utamur
1425 577 1638 626 vocabulo,
1658 584 1698 616 et
1718 577 1804 624 hec,

317 651 359 681 ut
380 642 532 682 dictum
555 651 625 690 est,
648 643 801 694 magica
821 651 880 682 est
902 644 1124 683 secundum
1147 645 1258 694 quod
1283 644 1425 695 magici
1452 651 1629 692 utuntur,
1652 651 1711 683 set
1730 643 1807 683 alia

313 717 373 748 est
403 722 492 760 pars
523 709 777 760 philosophie
807 724 885 760 que
916 709 1143 749 considerat
1173 711 1285 761 signa
1314 711 1532 749 futurarum
1564 709 1605 748 in
1633 722 1739 760 aqua
1767 717 1807 749 et

314 775 432 815 rebus
453 776 601 826 aqueis‚
626 778 708 816 sive
729 777 906 828 piscibus
934 777 1015 816 sive
1038 776 1134 815 aliis.
1190 778 1318 816 ‘Aer’
1343 776 1508 827 quidem
1530 777 1705 816 Grecum
1733 783 1804 825 est,
1827 790 1867 814 10

315 843 423 881 unde
452 842 693 881 aerimancia
723 856 800 894 que
831 844 979 894 duplex
1009 850 1080 890 est,
1113 856 1192 881 una
1223 842 1376 894 magica
1405 842 1481 881 alia
1508 843 1697 881 naturalis
1728 855 1807 893 que

313 908 541 948 considerat
561 910 739 959 predicta
760 908 871 959 signa
893 910 930 947 in
952 922 1052 948 aere.
1114 908 1302 948 Similiter
1320 908 1421 959 ‘pir'
1443 916 1502 948 est
1521 908 1643 959 ‘ignis
1659 910 1678 956 '‚
1698 908 1807 947 unde

315 973 572 1024 pirornancia,
596 983 634 1014 et
656 989 736 1013 una
756 975 1031 1014 consideratur
1055 989 1078 1014 a
1105 974 1279 1025 magicis,
1304 982 1342 1014 et
1366 974 1443 1013 alia
1472 982 1531 1014 est
1558 973 1751 1028 naturalis·
1766 982 1806 1013 et

314 1053 403 1090 pars
436 1041 690 1092 philosophie
730 1055 808 1092 que
848 1040 1075 1080 considerat
1115 1040 1225 1092 signa
1258 1042 1299 1079 in
1331 1054 1446 1091 spera
1477 1040 1589 1092 ignis,
1631 1048 1674 1079 ut
1713 1049 1806 1079 sunt

313 1115 471 1146 comete
492 1115 531 1146 et
551 1107 627 1145 alia
648 1121 740 1146 cum
762 1106 909 1157 quihus
931 1108 1133 1146 sociantur
1157 1107 1326 1158 eclipsis,
1354 1107 1448 1158 quia
1482 1106 1646 1146 nomina
1675 1106 1806 1158 posita
1827 1123 1863 1157 15

314 1181 406 1211 sunt
439 1174 491 1212 ab
523 1172 697 1223 antiquis
727 1181 819 1212 ante
849 1172 1124 1224 philosophos,
1148 1182 1186 1212 et
1213 1173 1368 1224 antiqui
1402 1173 1643 1212 estimabant
1674 1175 1805 1212 celum

313 1252 401 1278 esse
441 1238 556 1290 ignee
595 1247 734 1278 nature
774 1247 934 1290 propter
969 1241 1101 1279 stellas
1137 1254 1214 1291 que
1254 1242 1389 1279 lucent
1434 1248 1475 1278 ut
1518 1239 1629 1291 ignis.
1681 1239 1805 1279 Unde

312 1305 484 1355 primum
507 1313 546 1344 et
566 1319 826 1356 suppremum
847 1307 978 1345 celum
1000 1315 1164 1346 vocatur
1184 1306 1417 1358 empireum.

371 1373 432 1410 De
467 1371 551 1411 istis
586 1373 768 1411 scienciis
808 1373 1055 1412 naturalibus
1090 1387 1168 1424 que
1216 1375 1348 1412 vocari
1397 1380 1565 1424 possunt
1603 1371 1805 1424 inproprie

312 1439 558 1488 geomancia,
592 1438 861 1489 ydromancia,
893 1438 1143 1487 aerimancia,
1176 1439 1432 1491 piromancia,
1466 1452 1544 1490 que
1583 1446 1676 1478 sunt
1714 1451 1805 1479 vere
1825 1449 1865 1473 20

316 1511 445 1554 partes
476 1504 742 1555 philosophie,
767 1505 938 1545 intendit
958 1505 1183 1546 Aristotiles
1204 1506 1245 1545 in
1272 1507 1350 1545 hoc
1370 1505 1483 1553 libro,
1509 1513 1569 1545 set
1595 1506 1806 1544 translator

315 1583 397 1608 non
420 1570 559 1609 habuit
580 1570 620 1608 in
652 1571 796 1610 Latino
825 1572 991 1610 nomina
1015 1572 1174 1623 propria
1203 1572 1285 1611 istis
1314 1572 1507 1620 scienciis,
1530 1571 1623 1612 ideo
1649 1569 1805 1621 accepit

316 1635 481 1675 nomina
510 1636 770 1675 scienciarum
799 1636 1040 1688 magicarum
1076 1651 1154 1688 que
1182 1646 1274 1677 sunt
1301 1638 1448 1677 similes
1472 1636 1672 1689 aliquibus
1703 1636 1804 1677 veris

315 1716 507 1742 smencus.

375 1857 603 1905 Capitulum
647 1863 795 1896 sextum
825 1859 870 1895 de
901 1857 1131 1906 quibusdam
1171 1858 1437 1895 astronomicis
1467 1863 1546 1906 pro
1585 1856 1718 1894 multis
1747 1856 1803 1894 in-
1824 1867 1862 1900 25

316 1923 526 1970 tellzgendzk
555 1923 596 1961 in
618 1925 684 1962 lzoc
712 1925 809 1962 libro
828 1929 862 1961 el
882 1924 1050 1962 maxime
1070 1925 1108 1962 ln
1129 1925 1298 1974 capitulo
1318 1924 1454 1961 ultimo
1483 1923 1637 1961 secunde
1651 1923 1799 1973 partis,

314 1994 350 2025 et
367 1989 549 2027 similiter
566 1991 607 2028 iu
629 1991 765 2028 ultimo
785 1991 952 2041 capitulo
972 1991 1081 2028 tercie
1091 1991 1226 2040 partis
1246 1996 1283 2028 el
1291 1990 1520 2040 penultima
1551 1992 1555 2040 Ι

464 2172 634 2212 maxime
672 2181 833 2224 propter
876 2173 1093 2224 capitulum
1143 2172 1327 2211 ultimum
1376 2174 1552 2212 secunde
1595 2171 1716 2222 partis
1764 2178 1803 2209 et

463 2238 646 2277 ultimum
687 2247 725 2278 et
760 2239 1026 2290 penultimum
1066 2240 1186 2278 tercie
1226 2239 1358 2289 partis,
1400 2247 1556 2290 oportet
1589 2251 1663 2278 nos
1703 2238 1802 2278 scire
1822 2251 1862 2283 30

315 2304 423 2352 quod
446 2312 551 2342 totus
574 2306 748 2344 mundus
769 2314 827 2343 est
848 2304 1023 2355 spericus
1045 2313 1239 2355 quantum
1256 2307 1307 2344 ad
1330 2304 1619 2344 convexitatem
1641 2318 1800 2344 suarum

316 2368 493 2418 parcium
515 2378 643 2420 preter
664 2379 818 2410 terram.
880 2373 947 2410 Set
977 2379 1078 2410 terra
1109 2371 1338 2411 naturaliter
1368 2380 1426 2410 est
1459 2371 1622 2421 sperica,
1650 2379 1729 2410 tam
1761 2371 1802 2410 in

315 2435 563 2475 convexitate
594 2450 714 2486 quam
746 2437 784 2475 in
816 2436 1077 2484 concavitate,
1110 2439 1203 2487 quia
1230 2438 1335 2487 jacet
1365 2438 1404 2475 in
1436 2436 1572 2476 medio
1603 2436 1743 2476 mundi
1764 2445 1803 2477 et

312 2500 415 2548 jacet
438 2500 477 2538 in
499 2502 748 2542 concavitate
764 2517 877 2554 spere
894 2517 997 2554 aque
1028 2503 1256 2542 naturaliter
1281 2511 1374 2550 tota,
1398 2502 1511 2542 sicud
1536 2501 1609 2541 fuit
1638 2502 1678 2541 in
1699 2502 1802 2554 prin-

313 2564 419 2614 cipio
442 2567 581 2605 mundi
603 2575 640 2606 et
661 2569 732 2607 erit
760 2570 799 2606 in
828 2570 918 2608 fine.
978 2571 1046 2608 Set
1076 2577 1236 2619 propter
1265 2568 1560 2607 habitacionem
1590 2568 1799 2608 hominum
1818 2577 1856 2611 3⁵

315 2630 558 2670 subtrahitur
587 2646 730 2683 magna
764 2648 853 2684 pars
882 2648 996 2685 aque,
1034 2648 1113 2685 que
1143 2634 1340 2674 clauditur
1374 2635 1413 2672 in
1453 2634 1670 2673 visceribus
1699 2643 1800 2674 terre
1857 2679 1864 2686 ,

314 2695 396 2734 sive
431 2696 530 2735 infra
560 2699 848 2738 concavitatem
880 2709 980 2739 terre
1019 2714 1146 2751 usque
1180 2702 1232 2740 ad
1263 2701 1383 2739 finem
1418 2699 1571 2742 mundi,
1603 2699 1657 2738 ita
1688 2701 1799 2751 quod

287 2137 294 2146 .
328 2108 606 2248 PRopter
638 2109 811 2157 quedam
847 2091 1031 2146 difficilia*
1053 2107 1092 2145 in
1123 2108 1199 2145 hoc
1232 2106 1333 2146 libro
1360 2108 1410 2145 de
1445 2104 1734 2153 astronomicis,
1764 2111 1803 2143 et
