1908 3126
815 132 864 176 I7

158 260 383 309 Capitulum
404 259 604 307 septimum
623 259 667 295 de
677 258 981 308 proprietalibus
992 261 1244 308 planetarum
1267 265 1302 297 et
1319 260 1516 309 signorum
1536 263 1580 298 de

97 325 231 376 quibus
252 325 426 374 loquitur
443 324 481 361 A
486 323 664 361 rt'sloliles
690 323 730 360 iu
758 324 825 360 lcoc
848 324 954 370 libra,
975 329 1012 361 et
1036 325 1079 361 de
1107 338 1173 362 sex
1198 325 1318 363 modis
1337 325 1581 362 alteraciom‘s

98 404 223 429 rerum
263 390 487 439 infw’tbrlsm
525 389 567 427 ilc
606 389 673 427 lzoc
709 391 851 427 mundo
880 395 961 427 lam
999 391 1270 429 am'matarmn
1305 404 1422 441 qnam
1455 391 1582 428 inani-

100 462 296 495 maten-um
318 463 394 506 per
419 456 598 494 virtutem
621 456 906 504 planetarum:
955 463 991 494 et
1010 457 1142 507 prima
1180 459 1223 495 de
1257 458 1484 496 alteracioue
1513 470 1584 506 (sue

63 531 80 562 5
89 524 146 574 fit
172 524 374 561 seczmdmn
406 527 590 559 natm-am
612 523 878 571 planetarum.

264 605 425 645 Otanda
446 611 537 643 sunt
558 605 730 655 quedam
748 617 867 652 nunc,
885 606 966 644 sive
987 607 1186 653 addenda,
1205 607 1254 644 de
1278 605 1585 656 proprietatibus

263 671 512 722 planetarum
534 677 573 709 et
595 669 809 720 signorum,
839 670 923 711 sine
945 685 1115 722 quorum
1139 671 1287 711 noticia
1307 684 1389 710 non
1417 678 1585 722 possunt

174 790 178 794 Δ
265 735 461 787 magnalia
499 735 662 786 intelligi
698 749 776 786 que
811 736 957 776 scribit.
1030 739 1093 776 De
1125 739 1238 775 Luna
1277 744 1336 775 est
1376 737 1585 776 sciendum

102 803 212 853 quod
233 803 349 841 Luna
369 810 429 840 est
454 801 593 852 frigida
620 809 658 840 et
686 801 853 841 humida
873 802 1017 842 virtute
1045 802 1083 841 et
1114 804 1256 841 effectu
1288 801 1327 840 in
1358 801 1441 841 istis
1469 802 1586 841 rebus

104 867 363 915 inferioribus,
387 867 480 917 quia
501 868 593 905 facit
614 868 825 906 humorem
847 875 885 907 et
901 868 1022 919 frigus
1043 868 1084 906 in
1100 867 1168 907 eis.
1221 869 1442 906 Mercurius
1460 867 1586 906 eciam

104 941 163 974 est
187 933 311 985 magis
333 933 562 973 indifferens
582 934 634 971 ad
665 932 839 972 calidum
862 942 900 973 et
921 934 1085 981 siccum,
1108 932 1292 984 frigidum
1315 941 1354 972 et
1375 933 1587 972 humidum

104 1013 224 1051 quam
253 1006 496 1050 temperatus
526 1000 587 1038 vel
616 999 934 1050 distemperatus,
967 1001 1060 1050 quia
1089 999 1227 1050 recipit
1258 1000 1318 1037 vel
1346 998 1503 1049 respicit
1543 1012 1590 1037 ex

104 1065 396 1116 conjunccione
434 1064 601 1104 aliorum
632 1066 893 1116 planetarum,
917 1073 956 1105 et
985 1079 1032 1104 ex
1062 1065 1182 1116 signis
1212 1065 1338 1104 bonas
1373 1065 1434 1104 vel
1466 1065 1589 1103 malas

105 1132 405 1184 disposiciones.
434 1130 438 1179 Ι
464 1133 602 1169 Venus
630 1139 689 1170 est
710 1131 839 1170 calida
862 1140 900 1171 et
922 1133 1100 1180 humida,
1124 1131 1247 1182 magis
1269 1139 1404 1170 tamen
1424 1129 1590 1169 humida
1609 1143 1628 1175 9
1647 1143 1678 1165 a.

50 1217 86 1250 15
106 1212 227 1249 quam
266 1198 395 1237 calida
433 1196 672 1236 humiditate
711 1210 834 1236 aerea.
896 1199 963 1237 Sol
1002 1205 1061 1237 est
1099 1198 1252 1236 calidus
1282 1205 1321 1236 et
1349 1203 1590 1247 temperatus

107 1266 146 1304 in
181 1265 359 1311 humore,
382 1271 441 1303 set
474 1264 558 1313 ejus
590 1264 697 1302 calor
731 1277 813 1302 non
847 1272 906 1303 est
938 1277 1197 1315 corrumpens
1227 1265 1288 1302 vel
1320 1269 1528 1313 corruptus
1549 1270 1592 1300 ut

108 1332 258 1382 igneus,
281 1337 339 1369 set
368 1336 578 1380 generatus
608 1336 645 1368 et
667 1328 804 1368 similis
834 1331 955 1368 calori
981 1331 1125 1377 anime,
1145 1331 1206 1368 vel
1236 1328 1355 1368 calori
1378 1328 1418 1367 in
1444 1327 1589 1375 anima,

107 1396 175 1447 qui
207 1403 266 1436 est
299 1397 407 1435 calor
439 1394 626 1434 naturalis
662 1396 702 1433 in
741 1395 916 1443 homine,
956 1403 994 1435 et
1024 1395 1203 1434 similiter
1237 1396 1321 1445 ejus
1349 1392 1592 1445 temperacio

109 1464 148 1501 in
181 1463 348 1500 humore
381 1467 419 1500 et
454 1460 630 1500 siccitate
665 1468 723 1499 est
763 1460 974 1500 ineffabilis
1007 1461 1185 1500 utilitatis
1218 1461 1371 1499 mundo
1406 1458 1593 1498 inferiori.

53 1545 92 1569 20
110 1528 218 1567 Mars
253 1535 313 1567 est
348 1528 547 1578 superflue
576 1526 728 1566 calidus
758 1528 820 1566 vel
852 1528 1050 1578 superflue
1082 1526 1292 1566 caliditatis
1323 1534 1360 1565 et
1394 1524 1592 1572 siccitatis,

109 1601 148 1633 et
183 1592 275 1634 ideo
309 1592 475 1632 nocivus
516 1594 687 1631 multum
728 1592 802 1631 nisi
833 1594 918 1643 ejus
959 1592 1114 1632 malicia
1144 1599 1387 1643 temperetur
1415 1590 1596 1630 bonitate

110 1659 210 1710 signi
231 1660 293 1699 vel
313 1658 528 1709 signorum,
551 1660 612 1697 vel
634 1671 702 1709 per
729 1658 1064 1709 conjunccionem
1087 1672 1178 1697 cum
1201 1657 1318 1697 bonis
1338 1656 1508 1708 planetis
1529 1664 1596 1695 aut

110 1731 275 1776 aspectu
294 1724 405 1764 bono
426 1723 594 1763 illorum.
653 1724 810 1774 Jupiter
830 1732 888 1763 est
909 1724 1062 1764 calidus
1088 1732 1127 1763 et
1148 1723 1337 1762 humidus
1358 1721 1597 1761 humiditate

111 1804 225 1831 aerea
246 1798 285 1830 et
305 1791 474 1830 humore
494 1803 610 1829 aereo
635 1791 723 1840 plus
749 1804 869 1841 quam
892 1792 1042 1838 Venus,
1066 1798 1105 1830 et
1132 1798 1191 1829 est
1219 1791 1323 1828 salus
1346 1787 1486 1827 mundi
1507 1795 1598 1839 post

55 1873 92 1906 ²5
112 1858 256 1896 Solem.
318 1857 425 1895 Nam
456 1862 565 1894 tante
597 1855 786 1894 bonitatis
817 1863 875 1895 est
905 1857 1015 1907 quod
1053 1870 1146 1894 cum
1187 1857 1301 1894 Luna
1334 1855 1601 1904 conjungatur

113 1923 147 1962 ei
180 1923 220 1961 in
260 1923 404 1961 eodem
444 1921 568 1972 signo,
611 1930 648 1960 et
692 1921 834 1972 aliquis
882 1922 1046 1972 recipiat
1092 1921 1334 1960 medicinam
1374 1919 1595 1966 laxativam,

113 1987 327 2028 destruitur
347 1988 511 2026 effectus
542 1986 752 2034 medicine,
775 1987 869 2037 quia
898 1987 1099 2026 medicina
1128 1986 1296 2025 laxativa
1320 1985 1450 2024 omnis
1472 1992 1601 2036 preter

115 2053 398 2094 reubarbarum
412 2061 471 2092 est
484 2066 698 2101 venenosa,
716 2060 754 2092 et
767 2053 859 2092 ideo
873 2053 994 2092 virtus
1008 2055 1118 2104 Jovis
1132 2051 1298 2092 destruit
1315 2052 1400 2101 ejus
1413 2052 1599 2090 effectum

115 2134 207 2160 curn
228 2120 269 2159 in
290 2119 525 2170 recepcione
546 2119 744 2158 medicine
770 2119 926 2170 Jupiter
945 2118 1199 2170 conjungitur
1221 2120 1345 2156 Lune.
1410 2118 1603 2156 Saturnus

59 2208 99 2240 30
117 2193 176 2226 est
205 2185 402 2236 pessimus
432 2192 471 2224 θῖ
500 2198 738 2233 venenosus,
773 2185 867 2235 quia
898 2193 957 2224 est
989 2185 1152 2235 frigidus
1187 2192 1226 2223 et
1261 2183 1389 2222 siccus
1416 2191 1454 2221 et
1484 2195 1603 2221 causa

119 2251 266 2298 mortis,
298 2258 337 2289 et
367 2258 503 2290 tamen
533 2250 616 2302 ipse
647 2258 707 2289 est
736 2250 842 2289 utilis
873 2251 1037 2298 mundo,
1070 2252 1171 2289 sicut
1202 2261 1416 2288 scamonea
1446 2261 1524 2299 que
1545 2255 1604 2287 est

119 2330 320 2356 venenosa
359 2324 418 2355 est
456 2315 561 2355 utilis
606 2316 817 2365 medicine,
859 2316 953 2367 quia
991 2316 1098 2355 acuit
1137 2315 1379 2354 medicinam
1415 2321 1458 2352 ut
1488 2313 1605 2352 faciat

120 2382 401 2435 operacionern
440 2395 567 2421 suam.
627 2381 734 2432 Quia
772 2396 842 2434 per
880 2382 1101 2421 bonitatem
1149 2381 1316 2420 aliorum
1357 2381 1605 2430 planetarum

121 2456 159 2487 et
181 2449 380 2488 stellarum
403 2449 567 2487 fixarum
589 2450 764 2487 mundus
786 2449 961 2487 efflueret
982 2456 1032 2496 et,
1048 2455 1091 2486 ut
1112 2447 1165 2486 ita
1185 2446 1329 2493 dicam,
1353 2444 1548 2484 lasciviret
1569 2452 1608 2483 et

64 2531 103 2563 35
121 2515 319 2555 lederetur
347 2513 617 2564 superfluitate
647 2514 848 2562 bonitatis,
881 2514 955 2553 nisi
986 2520 1271 2564 temperaretur
1310 2524 1379 2562 per
1410 2509 1607 2548 maliciam

124 2578 282 2618 Saturni
303 2586 341 2618 et
363 2578 515 2627 Martis,
538 2578 640 2618 sicut
666 2579 775 2619 bona
804 2578 979 2618 hominis
1009 2578 1234 2628 complexio
1265 2575 1411 2615 nutrita
1434 2589 1458 2614 a
1478 2588 1610 2625 super-

124 2644 211 2698 fluis
259 2644 601 2684 delectacionibus
648 2646 842 2685 deflueret
890 2646 929 2683 in
977 2644 1171 2684 lesionem
1215 2649 1254 2681 et
1292 2639 1606 2691 corrupcionem.

82 2746 93 2756 ,
125 2711 244 2751 Stelle
282 2723 376 2750 vero
407 2712 483 2750 fixe
520 2710 653 2762 alique
691 2718 783 2750 sunt
814 2712 866 2750 de
905 2718 1045 2750 natura
1084 2711 1209 2757 Lune,
1243 2707 1375 2758 alique
1408 2705 1608 2753 Mercurii,

79 2790 82 2793 ’
123 2776 258 2826 alique
277 2775 456 2824 Veneris,
478 2775 610 2828 alique
630 2778 744 2824 Solis,
766 2776 899 2828 alique
921 2777 1073 2824 Martis,
1095 2774 1228 2825 alique
1248 2774 1417 2813 Saturni.

194 2863 256 2884 1500
854 2852 881 2884 C

0 1163 10 1217 i

5 1268 11 1338 ‚l

6 1345 13 1444 l

9 1445 13 1530 l

9 1542 15 1621 ἲ
