1908 3126
1044 19 1126 61 162

51 157 274 197 „mathemoon
339 138 396 180 sit
434 138 562 179 Luna
599 137 810 191 contigua
844 150 944 178 cum
977 136 1151 177 duobus
1190 134 1392 189 planctis,
1430 142 1473 177 et
1507 135 1652 188 capiat
1691 135 1733 176 in
1773 149 1824 177 ea

50 193 195 224 ‘mmm'
340 209 643 263 recepcionem
685 222 772 262 que
814 207 1048 261 requiritur
1090 206 1145 248 ad
1189 205 1325 247 illam.
1410 206 1470 247 Et
1519 206 1654 260 pinge
1702 206 1823 246 illam

52 292 108 318 and
123 293 235 319 makea
342 279 528 334 figuram
562 279 880 319 ascendentem
908 277 951 318 in
984 276 1266 317 firmamento
1298 276 1341 316 in
1373 289 1556 329 corpore
1586 290 1643 316 ex
1671 289 1826 329 corpo-

52 327 163 352 scheme
177 327 209 353 of
219 327 267 353 the

53 361 186 388 heavens.
343 350 460 390 ribus
493 348 865 390 convenientibusv
890 336 1103 400 magistro
1124 346 1413 395 ascendentis,
1437 338 1679 393 secundum
1703 346 1824 398 quod

342 425 527 472 apparet
548 433 606 459 ex
633 417 773 472 figura
795 416 1086 465 ascendentis,
1110 415 1254 456 littere
1277 429 1376 455 cum
1401 415 1559 456 littera.
1613 414 1748 468 Quod
1775 421 1823 455 tu

341 488 511 529 videbis
540 502 597 528 ex
620 487 883 540 operacione
912 486 1006 539 (seu
1039 485 1341 539 apparicione)
1364 498 1548 538 operum
1579 481 1757 525 suorum
1780 490 1825 525 et

341 558 567 609 virtutum,
590 558 694 611 quia
717 556 905 597 multum
929 555 1127 610 perficiet
1149 554 1242 604 tibi,
1265 555 1301 595 si
1322 555 1420 595 Deo
1442 553 1666 607 placuerit.

406 660 654 714 Capitulum
678 672 716 701 ‚2
722 673 757 715 3.
781 659 832 700 de
841 659 1128 714 ymaginibus
1150 664 1193 699 et
1212 657 1358 699 anulis
1379 670 1455 698 sen
1482 657 1823 699 incantamentis

329 731 574 785 faciendis.
1482 730 1488 735 '

53 830 282 891 ffiffigmelggsof
413 822 494 864 Sta
515 836 777 876 ymago'seu
806 822 1182 863 incantamentum
1207 827 1272 861 est
1300 821 1504 874 operacio
1529 818 1824 876 Hermogenis

167 874 186 898 g
257 885 262 897 '
427 893 540 947 regis
581 892 906 946 sapientissimi,
950 897 994 932 et
1036 898 1101 932 est
1145 892 1522 932 medicamentum
1573 892 1693 945 quod
1745 892 1824 932 dat

1846 430 1863 462 5

1849 836 1888 858 10

54 974 147 1000 which
161 973 258 1007 brings
344 976 527 1017 regnum
560 967 604 1003 et
626 962 920 1002 reverenciam
940 967 984 1001 et
1016 967 1258 1014 congregat
1290 961 1621 1002 inclinacionem
1652 967 1695 1002 et
1719 960 1822 1002 obe·
1853 974 1861 981 ‘

54 1017 149 1040 power
162 1009 217 1034 and

53 1042 290 1076 repas-enemim,
343 1032 576 1081 dienciam,
608 1037 652 1072 et
689 1030 861 1085 repellit
896 1030 1176 1071 inimiciciam
1212 1043 1311 1070 cum
1342 1031 1503 1070 timore
1527 1037 1570 1071 et
1601 1037 1822 1080 tremore3

214 1115 273 1146 123,
291 1116 311 1136 a
343 1101 497 1154 affligit
521 1100 701 1150 invidos,
725 1100 890 1153 rigidos
912 1107 955 1140 et
979 1100 1207 1150 inimicos;
1233 1105 1276 1140 et
1298 1099 1401 1141 facit
1428 1098 1432 1153 Ι
1462 1113 1610 1140 amare
1624 1107 1668 1141 et
1689 1101 1825 1152 odire,

340 1178 382 1211 et
407 1172 545 1211 ridere
567 1177 611 1211 et
638 1170 754 1220 flere,
788 1170 849 1210 ire
878 1175 921 1210 et
952 1170 1102 1215 redire,
1132 1175 1175 1209 et
1205 1176 1414 1223 operatur
1439 1183 1574 1222 opera
1604 1170 1820 1211 mirabilia

342 1254 505 1293 magna
546 1245 591 1280 et
633 1246 846 1280 extranea
893 1246 940 1280 et>
980 1239 1322 1291 stupefaciencia
1360 1253 1444 1292 que
1484 1239 1665 1292 longum
1708 1247 1823 1282 esset

342 1324 551 1357 enarrare,
574 1316 618 1349 et
649 1309 785 1350 habet
819 1309 1152 1362 indagacionem
1187 1308 1403 1348 visionum
1436 1308 1478 1348 in
1505 1296 1711 1350 entibus¹
1746 1324 1824 1363 per

341 1381 458 1420 viam
482 1378 764 1420 revelacionis
788 1391 993 1431 magnam
1018 1366 1274 1418 efficaciam.

57 1459 139 1485 iwiu
155 1458 282 1486 describe
297 1464 326 1484 to
403 1450 463 1490 Et
501 1463 585 1501 ego
621 1449 852 1489 ostendam
896 1447 977 1488 tibi
1019 1447 1273 1501 hujusmodi
1308 1447 1367 1488 rei
1403 1438 1543 1488 artem
1582 1450 1823 1490 secundum

54 1503 120 1527 you'
342 1520 460 1572 quod
498 1518 676 1580 gloriosi
699 1517 944 1571 philosophi
970 1517 1077 1557 mihi
1107 1518 1422 1558 commiserunt
1453 1518 1687 1559 scienciam
1711 1533 1822 1567 eam³

343 1602 477 1642 quam
515 1588 589 1646 qui
623 1588 905 1642 possiderunt
939 1586 1272 1628 occultaverunt
1303 1586 1397 1640 ejus
1428 1588 1486 1628 rei
1513 1588 1748 1629 scienciam
1781 1590 1825 1630 in

342 1645 521 1700 secretis
545 1664 669 1705 terre,
692 1657 767 1711 qui
786 1658 1033 1698 habuerunt
1053 1657 1370 1699 revelacionem
1386 1664 1429 1699 et
1447 1657 1824 1711 prophetaverunt

344 1730 386 1770 in
410 1729 549 1782 ipsam
573 1735 617 1770 et
639 1727 882 1781 prosperati
906 1727 1092 1775 fuerunt,
1111 1733 1155 1767 et
1176 1727 1321 1768 anime
1341 1741 1489 1768 eorum
1513 1737 1825 1781 separaverunt

343 1799 454 1840 hanc
471 1798 705 1839 scienciam
721 1797 957 1851 separatim
980 1798 1036 1837 ab
1056 1797 1263 1838 omnibus
1281 1797 1388 1846 aliis,
1412 1804 1454 1838 et
1475 1795 1697 1850 (potencia
1711 1798 1821 1852 sive)

342 1882 530 1923 persona
553 1875 628 1909 tua
652 1873 886 1922 preparata
909 1873 973 1908 est
996 1867 1096 1907 huic
1125 1873 1294 1907 secreto
1323 1880 1508 1920 semper.
1562 1867 1823 1922 Prosperare
1847 1882 1861 1903 2

343 1953 449 1992 ergo
473 1939 514 1978 in
539 1939 635 1992 ipso
658 1944 701 1978 et
723 1937 807 1977 eris
830 1950 1018 1985 securim,
1043 1950 1142 1977 cum
1169 1936 1254 1977 Dei
1276 1936 1513 1990 adjutorio.

53 2019 135 2057 „Take
148 2018 185 2057 ,ειη
201 2018 311 2051 metals,
394 2008 630 2062 Congrega
649 2006 948 2048 substanciam
966 2005 1144 2047 Saturni
1162 2012 1205 2047 et
1222 2005 1346 2058 Jovis
1363 2006 1567 2047 Mercurii
1581 2012 1625 2047 et
1643 2006 1758 2048 Solis
1779 2015 1824 2049 et

52 2062 81 2079 m
98 2053 285 2082 men-houm
342 2078 528 2118 Veneris
552 2084 595 2118 et
616 2077 771 2117 Martis
795 2082 838 2117 et
861 2075 1009 2126 L1··ne,'
1025 2083 1070 2117 et
1091 2076 1321 2117 victoriam
1347 2075 1538 2130 ejusqui
1569 2076 1823 2118 dominatur

343 2149 385 2189 in
409 2148 486 2197 eis,
509 2154 552 2188 et
575 2153 642 2188 est
669 2153 774 2187 tunc
797 2145 914 2186 racio
933 2163 946 2168 -
974 2145 1087 2186 sicut
1107 2145 1542 2199 magisteromnium‚
1566 2153 1609 2187 et
1632 2160 1746 2200 pone
1768 2147 1824 2188 de

1849 1185 1884 1219 15

1847 1533 1885 1556 20

343 2219 439 2271 ipso
465 2230 572 2258 auro
604 2217 848 2258 secundum
871 2216 1163 2269 quantitatem
1201 2215 1306 2265 (sive
1336 2213 1618 2269 qualitatem)
1642 2230 1727 2269 que
1756 2224 1822 2259 est
1843 2228 1883 2261 30

55 2296 93 2321 let
110 2295 168 2321 Leo
182 2295 216 2320 be
232 2294 259 2321 in
276 2295 324 2320 the
345 2287 387 2327 in
410 2286 685 2341 operacione.
750 2285 810 2326 Et
841 2285 1082 2325 ascendens
1115 2284 1172 2324 sit
1205 2283 1312 2333 Leo,
1344 2292 1387 2325 et
1420 2283 1497 2325 Sol
1535 2285 1589 2326 sit
1622 2285 1665 2325 in
1696 2285 1823 2340 signo

54 2330 209 2356 ascendant
224 2329 280 2355 and

55 2364 102 2389 80¹
120 2363 265 2396 inagood
342 2356 613 2409 competenti
637 2361 794 2410 potens
824 2361 867 2395 et
886 2355 1130 2395 ascendens
1146 2360 1190 2394 et
1214 2353 1467 2394 illuminans
1492 2353 1534 2394 in
1560 2366 1641 2408 ‚19.
1664 2356 1819 2409 gradu,

53 2398 125 2429 sign,

54 2441 103 2466 the
119 2439 248 2466 Moonin
342 2433 386 2466 et
425 2425 610 2467 Homo3
643 2425 687 2465 in
728 2424 946 2477 Aquario,
989 2429 1033 2464 et
1063 2436 1250 2477 prepara
1282 2422 1456 2463 Lunam
1489 2430 1533 2465 et
1565 2426 1820 2479 ymaginem

55 2475 172 2502 Cancer.

398 2552 410 2572 ¹
440 2552 513 2599 vel,
538 2550 694 2589 mentis.
806 2549 819 2570 ²
848 2549 921 2596 vel,
945 2549 1086 2586 Homo
1107 2545 1301 2599 (Saturn).
1413 2548 1427 2570 ⁸
1456 2547 1579 2597 aliter,
1603 2549 1680 2588 hoc
1701 2557 1774 2590 est.

384 2683 426 2712 27
451 2672 486 2703 in
504 2682 611 2712 marg.
634 2672 642 2688 ‘
655 2669 826 2710 Operacio
842 2668 1004 2710 specialis
1017 2668 1039 2701 '.
1174 2679 1213 2709 31
1240 2668 1275 2699 in
1294 2679 1401 2710 marg.
1422 2669 1430 2688 ‘
1445 2673 1479 2700 ut
1496 2669 1530 2701 in
1548 2668 1761 2711 Capricorno
1775 2672 1797 2704 “.
1832 2674 1837 2679 “
