1908 3126
227 2311 288 2342 3²³·

1052 93 1081 132 4

315 198 465 237 docent
506 209 625 235 unam
666 202 818 246 partem
855 194 1201 242 contradiccionis‚
1239 200 1280 232 ut
1316 195 1426 245 quod
1461 194 1534 233 iste
1568 193 1698 232 infans
1719 182 1804 232 ⁴erit

316 263 448 302 bonus
486 270 554 301 aut
586 263 725 309 malus,
763 268 822 300 set
861 261 972 311 quod
1007 259 1078 300 erit
1113 260 1243 299 bonus
1278 261 1338 299 vel
1378 259 1590 310 episcopus
1624 258 1656 298 si
1692 261 1803 299 Deus

316 328 494 376 voluerit,
522 342 614 367 nam
646 339 803 377 semper
833 327 873 364 in
901 325 1061 376 judiciis
1092 325 1171 365 suis
1201 326 1409 365 adducunt
1438 324 1479 363 in
1510 326 1589 364 fine
1616 324 1669 364 ‘si
1691 326 1803 364 Deus

316 394 483 434 voluerit
498 394 517 433 ¹.
580 394 703 434 Unde
731 406 823 431 cum
854 391 1063 443 prevident
1091 390 1398 443 possibilitatem
1422 392 1477 430 rei
1507 390 1674 441 alicujus
1704 404 1802 430 con-

315 459 503 511 tingentis
533 459 573 498 in
604 457 850 498 naturalibus
884 459 946 497 vel
979 457 1018 496 in
1053 457 1296 504 voluntariis,
1328 469 1411 496 non
1441 456 1580 496 dicunt
1610 457 1721 507 quod
1751 457 1803 496 de
1824 475 1841 509 5

316 525 552 565 necessitate
583 524 800 576 continget,
835 532 893 563 set
928 525 1038 575 quod
1074 531 1204 574 potest
1239 523 1481 574 contingere,
1519 530 1557 561 et
1596 521 1801 574 continget
1898 475 1908 554 i

316 598 510 642 quantum
533 598 591 630 est
612 592 663 630 de
684 591 720 629 vi
742 603 950 629 causarum
973 603 1145 638 suarum,
1168 596 1206 629 et
1228 591 1338 640 quod
1359 590 1430 628 erit
1450 588 1526 627 nisi
1543 589 1655 628 Deus
1677 594 1820 628 mutet·
1899 567 1908 643 Ε

316 656 616 696 ordinacionem
639 664 779 695 nature
799 657 861 695 vel
883 655 1108 694 voluntatis.
1906 657 1908 661 '

371 722 489 762 Circa
509 723 615 761 enirn
637 721 874 770 voluntaria,
895 728 937 760 ut
959 723 999 759 in
1026 721 1182 760 actibus
1210 721 1406 768 humanis,
1431 719 1702 759 mathematici
1723 719 1804 760 veri

317 796 550 839 supponunt
577 787 802 827 libertatern
830 786 989 834 arbitrii,
1014 795 1056 825 ut
1084 787 1124 825 in
1152 787 1263 825 nullo
1290 794 1454 837 cogatur
1477 787 1529 826 ad
1559 787 1714 825 bonum
1738 787 1800 825 vel
1825 787 1865 832 ις)
1899 799 1908 830 5.

318 855 482 901 malum,
499 866 573 893 nec
588 855 640 893 ad
657 855 830 893 honores
848 866 922 892 nec
938 853 1147 900 dedecora,
1168 865 1242 891 nec
1258 853 1309 891 ad
1325 865 1513 903 prospera
1529 865 1603 891 nec
1620 853 1798 900 adversa,
1898 852 1904 878 ⁹

316 932 390 959 nee
420 921 471 959 ad
501 919 728 959 sciencialia
758 933 831 958 nec
861 920 913 958 ad
943 918 1072 957 officia
1102 918 1371 957 ecclesiastica
1399 931 1472 957 nec
1500 919 1703 966 secularia,
1725 921 1803 969 que
1899 890 1908 982 [

315 984 451 1024 omnia
471 986 522 1025 de
543 985 724 1036 quolibet
745 984 831 1023 falsi
853 983 1095 1023 matematici
1115 985 1324 1022 affirmant.
1656 1017 1660 1022 .
1838 993 1847 1000 ‘
1899 989 1903 1030 J

370 1051 438 1090 Set
467 1052 547 1090 veri
579 1050 851 1090 mathematici
881 1049 1136 1088 considerant
1164 1049 1261 1088 situs
1289 1057 1327 1088 et
1355 1050 1442 1088 loca
1469 1039 1734 1100 planetarum,
1762 1057 1803 1090 et
1900 1103 1901 1108 1

314 1130 413 1167 quas
430 1116 683 1155 fortitudines
700 1116 850 1155 habent
866 1115 906 1153 in
924 1114 1045 1166 signis
1062 1115 1238 1163 diversis,
1258 1123 1296 1154 et
1312 1129 1414 1166 quos
1430 1123 1634 1166 respectus
1650 1115 1802 1156 habent
1824 1133 1861 1168 15
1898 1135 1904 1166 ;

312 1182 537 1222 adinvicem
565 1189 604 1221 et
633 1182 685 1220 ad
716 1182 848 1221 stellas
876 1182 983 1229 fixas,
1007 1189 1045 1220 et
1070 1180 1126 1220 sic
1147 1182 1335 1220 veraciter
1359 1188 1528 1233 possunt
1552 1182 1730 1232 judicare
1750 1183 1802 1223 de
1899 1171 1901 1179 Α

311 1247 620 1287 alteracionibus
659 1261 871 1298 corporum
912 1246 1143 1286 inferiorum
1179 1248 1218 1285 in
1259 1255 1360 1286 terra
1394 1255 1433 1286 et
1471 1261 1576 1299 aqua
1621 1255 1659 1287 et
1697 1262 1798 1297 aere,
1900 1251 1901 1257 ’

312 1314 535 1352 secundum
557 1311 876 1364 possibilitatem,
901 1320 943 1351 ut
965 1313 1116 1352 dictum
1139 1320 1198 1352 est
1214 1328 1223 1361 3
1253 1321 1291 1352 et
1312 1314 1422 1364 quod
1439 1327 1520 1352 una
1540 1327 1629 1365 pars
1645 1322 1802 1354 contra·
1899 1267 1908 1379 i

312 1378 506 1418 diceionis
542 1378 708 1427 eveniet,
744 1386 803 1418 set
838 1392 921 1418 non
954 1380 1004 1418 de
1039 1378 1288 1418 necessitate.
1364 1381 1414 1418 Et
1448 1380 1540 1419 licet
1574 1381 1798 1420 secundum

311 1445 615 1495 possibilitatem
646 1453 785 1484 nature
815 1444 983 1493 eveniet,
1013 1453 1148 1484 tamen
1174 1446 1286 1484 Deus
1315 1452 1447 1496 potest
1478 1452 1631 1485 mutare
1656 1459 1703 1485 ex
1730 1460 1802 1487 sua
1822 1467 1862 1493 20
1894 1475 1908 1498 ¹.

312 1510 502 1558 bonitate,
522 1519 560 1550 et
578 1510 725 1550 meritis
743 1519 972 1550 sanctorum
990 1517 1028 1550 et
1050 1510 1199 1550 meritis
1220 1512 1388 1550 ecclesie
1408 1518 1447 1550 et
1468 1511 1682 1561 cujuslibet
1702 1512 1799 1552 boni
1850 1535 1853 1538 -
1894 1503 1908 1555 Ὶζ’

313 1575 540 1624 Christiani,
578 1576 608 1615 si
639 1578 691 1615 ad
727 1578 804 1615 hoc
839 1577 1036 1615 sufficiant
1069 1590 1139 1616 sua
1175 1576 1325 1616 merita.
1400 1578 1522 1617 Unde
1554 1591 1634 1617 una
1667 1580 1801 1619 vetula

311 1644 553 1692 paupercula
582 1643 663 1680 suis
693 1642 878 1693 precibus
904 1651 942 1681 et
973 1642 1134 1690 meritis,
1158 1643 1338 1682 bonitate
1366 1642 1443 1682 Dei
1473 1644 1641 1692 favente,
1666 1652 1799 1695 potest
1898 1652 1908 1780 ⁵

1901 1775 1908 1795 l*

1898 1791 1908 1850 Γ

311 1716 464 1747 mutare
503 1708 684 1747 ordinem
724 1716 876 1757 nature,
917 1708 1018 1747 sicut
1059 1710 1184 1748 Beata
1223 1708 1452 1757 Scolastica‚
1493 1709 1618 1749 invito
1649 1711 1798 1751 Sancto

312 1774 546 1823 BenedictO,
569 1774 693 1813 oravit
716 1776 861 1823 Deum,
885 1782 923 1813 et
954 1776 1057 1813 facta
1086 1783 1145 1814 est
1172 1782 1389 1825 tempestas
1416 1774 1547 1814 valida
1576 1789 1627 1815 ne
1657 1775 1798 1816 beatus
1819 1796 1856 1831 25

311 1840 555 1879 Benedictus
576 1841 779 1880 recederet
800 1841 851 1880 ab
872 1853 930 1879 ea.
982 1842 1034 1879 Et
1059 1840 1114 1880 sic
1135 1842 1186 1880 de
1207 1840 1292 1883 aliis
1313 1840 1512 1880 miraculis
1533 1840 1698 1881 infinitis
1718 1855 1798 1894 que

311 1905 410 1944 fiunt
438 1919 556 1956 supra
581 1914 762 1945 naturam
791 1914 828 1945 et
854 1914 992 1945 contra
1013 1920 1114 1954 eam,
1137 1906 1316 1946 bonitate
1339 1906 1415 1946 Dei
1443 1913 1482 1946 et
1505 1907 1737 1957 angelorum
1758 1914 1798 1948 et

310 1978 538 2011 sanctorum
561 1979 599 2010 et
620 1972 768 2011 meritis
789 1972 957 2012 ecclesie
978 1981 1017 2012 et
1038 1973 1249 2011 bonorum.

367 2038 416 2075 Et
438 2037 539 2076 sicut
560 2038 634 2076 hec
655 2038 843 2078 alteracio
865 2038 1053 2078 naturalis
1075 2045 1135 2078 est
1162 2039 1202 2077 in
1223 2038 1457 2089 corporibus
1478 2038 1716 2087 inanimatis,
1740 2039 1797 2079 sic

309 2102 349 2141 in
370 2103 605 2154 corporibus
625 2103 892 2143 animatorum
916 2112 954 2143 et
974 2103 1197 2143 hominum.
1448 2132 1456 2141 .
1815 2121 1860 2158 30·
1898 2125 1908 2150 ι,

365 2168 568 2208 Continue
593 2169 699 2208 enirn
729 2171 946 2208 alterantur
975 2183 1141 2221 corpora
1172 2171 1347 2209 humana
1374 2171 1598 2209 secundum
1619 2170 1794 2212 diversas

309 2235 639 2274 constellaciones
657 2237 767 2274 omni
784 2237 892 2283 hora,
909 2243 947 2275 et
964 2235 1184 2275 excitantur
1199 2236 1332 2274 anime
1347 2237 1399 2275 ad
1415 2235 1601 2275 acciones
1618 2235 1794 2278 diversas

309 2305 347 2338 et
365 2312 494 2339 mores
512 2307 550 2338 et
566 2299 792 2340 sciencialia
809 2309 847 2340 et
862 2300 939 2340 alia
965 2300 969 2353 1
996 2301 1135 2340 officia.
1187 2303 1255 2341 Set
1270 2300 1404 2340 anime
1420 2314 1502 2340 non
1518 2309 1715 2353 coguntur
1733 2311 1794 2343 set

308 2364 485 2403 feruntur
504 2367 622 2416 gratis
643 2365 683 2404 in
704 2379 750 2405 ea
770 2367 823 2406 ad
843 2379 922 2417 que
941 2368 1168 2417 complexio
1188 2366 1363 2418 corporis
1385 2366 1528 2406 excitat
1549 2375 1587 2407 et
1615 2368 1790 2418 inclinat,

308 2428 408 2468 sicut
429 2443 512 2469 non
531 2432 783 2471 considerata
803 2431 936 2483 aliqua
956 2432 1267 2472 constellacione
1294 2434 1418 2472 homo
1439 2432 1632 2473 colericus
1652 2433 1794 2474 excita·
1810 2450 1850 2486 35

307 2502 368 2533 tur
383 2496 434 2534 ad
448 2494 557 2544 iram,
573 2496 813 2547 sanguineus
829 2498 881 2537 ad
897 2511 1051 2549 pacem,
1067 2498 1317 2538 fleumatieus
1334 2499 1385 2538 ad
1398 2498 1575 2549 quietem
1591 2507 1630 2539 et
1643 2499 1789 2549 ocium,

308 2560 591 2600 melancolicus
611 2562 662 2600 ad
683 2562 888 2602 tristiciam
909 2571 947 2602 et
968 2563 1239 2603 solitudinem.
1299 2565 1367 2603 Set
1391 2572 1525 2603 tamen
1551 2565 1590 2603 in
1611 2565 1686 2605 hiis
1706 2579 1790 2606 non

306 2624 459 2676 cogitur
489 2627 658 2666 liberum
688 2627 894 2668 arbitrium
931 2637 989 2668 set
1025 2629 1236 2669 inclinatur
1270 2631 1539 2678 vehementer,
1576 2639 1618 2671 ut
1653 2638 1789 2671 tamen

353 2734 389 2762 17
415 2723 468 2765 in]
486 2729 519 2756 et
538 2724 611 2757 MS.
