1908 3126
830 151 876 178 11

111 255 255 293 ferrum
276 253 454 303 sequitur
475 259 628 290 motum
650 251 886 290 adamantis.
959 250 1008 290 Et
1031 252 1082 289 hii
1106 259 1262 291 comete
1290 252 1386 289 fiunt
1415 251 1453 288 in
1483 265 1594 301 spera

111 317 210 371 ignis
231 331 349 369 supra
369 331 512 364 aerem,
536 316 637 356 sicut
659 318 777 356 docet
800 318 959 367 Algazel
983 318 1020 355 in
1043 318 1320 355 Mzturalilms.

167 385 297 423 Multa
317 383 436 422 etiam
468 384 618 433 majora
639 390 730 421 sunt
758 382 832 420 hiis
863 383 1132 433 significancia
1159 381 1418 421 alteraciones
1442 380 1593 422 mundi,

110 451 162 490 de
181 449 327 500 quibus
349 448 475 488 sancti
496 456 534 488 et
556 447 859 499 historiographi
878 448 977 487 sicut
994 457 1032 487 et
1054 447 1283 499 philosophi
1303 449 1381 486 late
1403 446 1591 486 scribunt.

73 533 91 565 5
111 515 220 567 quod
242 523 284 554 ut
303 515 522 565 aliquando
543 515 625 553 duo
647 515 749 553 soles
771 522 809 552 et
833 514 928 552 alias
956 522 1032 553 tres
1061 515 1164 553 soles
1192 514 1309 552 simul
1338 512 1409 551 visi
1431 519 1534 558 sunt,
1557 519 1593 549 et

110 583 189 622 due
208 589 277 620 aut
297 589 374 620 tres
395 581 489 619 lune
510 580 591 619 vise
612 588 705 618 sunt
726 580 855 618 simul.
916 582 966 618 Et
983 581 1057 618 hec
1079 587 1170 618 sunt
1192 592 1357 630 vapores
1379 577 1519 629 sperici
1537 577 1594 614 in-

111 646 301 686 flammati
331 660 378 685 ex
399 645 511 685 radio
541 645 634 684 solis
655 659 702 683 ac
732 647 836 692 lune,
860 659 934 683 nec
962 654 1052 683 sunt
1083 647 1134 684 de
1160 658 1305 695 genere
1334 651 1592 682 cometarum.

113 715 165 753 Et
185 714 310 751 multa
330 719 422 751 sunt
442 710 674 758 consimilia,
694 719 732 749 et
752 724 775 749 a
795 712 912 761 longe
930 710 1169 749 mirabiliora
1184 710 1373 749 accidunt
1395 709 1434 747 in
1456 708 1539 747 istis
1560 716 1597 746 et

16 785 19 816 Ι
111 778 378 825 inflammatis,
401 776 502 816 sicut
523 776 638 815 Titus
661 776 808 824 Livius,
830 784 969 815 auctor
991 777 1185 815 maximus
1207 775 1370 814 historie
1392 774 1544 820 mundi,
1561 782 1598 812 et

15 831 19 896 i
56 861 96 885 ιο
112 852 272 884 sanctus
308 842 508 882 Horosius
542 844 593 881 ad
630 843 791 881 beatum
824 841 1105 892 Augustinum,
1144 849 1182 880 et
1222 842 1306 892 ipse
1339 839 1596 890 Augustinus,

17 901 18 911 ¹
112 918 152 950 et
171 910 285 948 multi
304 908 371 948 alii
390 917 573 948 auctores
594 907 813 947 certissimi.
874 907 1033 957 Quibus
1056 907 1302 946 mirabilibus
1322 905 1599 944 accidentibus

113 983 219 1015 totus
240 976 415 1014 mundus
431 982 491 1014 est
505 976 705 1021 alteratus,
720 975 822 1013 sicut
843 974 917 1025 ipsi
930 981 1112 1013 auctores
1128 972 1336 1012 certissimi
1353 971 1596 1010 describunt.

169 1043 272 1080 Item
293 1042 517 1080 secundum
538 1041 703 1080 eosdem
725 1042 785 1079 lac
805 1041 1024 1091 aliquando
1049 1039 1147 1090 pluit
1169 1040 1219 1078 de
1240 1040 1327 1078 celo
1354 1039 1414 1076 vel
1435 1050 1537 1083 aere,
1561 1045 1597 1074 et

114 1106 272 1158 sanguis
304 1114 343 1145 et
374 1108 464 1145 lana
498 1114 537 1146 et
565 1107 724 1145 metalla
750 1113 789 1145 et
815 1106 968 1157 lapides
999 1113 1038 1145 et
1072 1105 1159 1144 viva
1187 1104 1374 1144 animalia
1405 1110 1447 1142 ut
1472 1104 1599 1153 pisces

17 1162 19 1172 Α
58 1191 95 1223 15
114 1180 153 1212 et
184 1173 435 1211 salamandra
466 1180 504 1211 et
539 1172 615 1211 alia
643 1172 798 1223 reptilia
830 1181 868 1211 et
898 1185 991 1211 rane
1023 1180 1061 1211 et
1091 1172 1276 1210 buffones
1300 1178 1338 1209 et
1369 1182 1531 1208 carnes:
1561 1176 1599 1206 et

115 1240 218 1278 rivus
239 1237 317 1278 olei
338 1246 376 1277 et
396 1238 599 1290 sanguinis
620 1238 695 1278 orti
715 1246 808 1278 sunt
828 1240 879 1278 de
899 1247 1001 1277 terra
1021 1247 1060 1277 et
1080 1239 1198 1288 longe
1220 1235 1460 1275 mirabiliora
1479 1247 1600 1284 quam

115 1312 296 1356 oporteat
315 1318 424 1343 nunc
445 1304 536 1353 dici,
559 1305 660 1344 sicut
679 1312 862 1344 auctores
878 1303 1046 1355 predicti
1067 1305 1215 1343 docent
1236 1309 1274 1341 et
1294 1301 1359 1341 alii
1381 1298 1599 1346 certissimi,

115 1369 261 1421 quibus
280 1370 566 1422 apparentibus
595 1372 697 1410 facta
727 1379 785 1410 est
816 1384 960 1421 magna
987 1369 1175 1409 alteracio
1205 1368 1357 1407 mundi.
1417 1364 1603 1406 Similiter

0 1413 19 1504 i}
115 1435 283 1488 eclipses
321 1436 415 1476 solis
455 1444 493 1476 et
532 1439 626 1476 lune
659 1445 752 1475 sunt
792 1438 831 1475 in
871 1437 946 1475 hac
977 1434 1316 1480 consideracione,
1358 1441 1395 1472 et
1435 1431 1601 1470 aliorum

0 1500 19 1556 4¹!
59 1522 100 1546 20
115 1503 375 1553 planetarum.
435 1503 541 1553 Quia
561 1504 708 1554 duplex
729 1511 788 1542 est
809 1501 1084 1541 consideracio
1105 1500 1262 1551 eclipsis
1282 1515 1290 1548 3
1319 1506 1387 1537 aut
1408 1504 1602 1548 quantum

116 1569 168 1609 ad
187 1570 308 1608 situm
329 1568 423 1608 solis
453 1577 491 1609 et
520 1571 614 1608 lune
644 1577 683 1608 et
713 1570 915 1608 stellarum
946 1568 987 1606 in
1017 1566 1149 1618 signis,
1172 1574 1210 1605 et
1241 1565 1296 1604 sic
1320 1563 1490 1616 pertinet
1512 1575 1604 1600 con-

117 1634 311 1675 sideracio
341 1635 499 1686 eclipsis
527 1635 768 1674 astronomis
784 1650 794 1683 ,-
831 1642 900 1673 aut
932 1641 1127 1684 quantum
1159 1633 1211 1671 ad
1246 1629 1529 1670 obscuritatem
1564 1636 1601 1665 et

18 1742 19 1748 χ
117 1700 452 1753 impedimentum
500 1701 600 1740 lucis
648 1701 871 1741 secundum
917 1701 1027 1750 quod
1074 1696 1317 1737 subtrahitur
1358 1694 1602 1734 beneficium

0 1758 20 1824 il
118 1766 218 1806 lucis
251 1780 275 1805 a
309 1768 462 1806 mundo
494 1766 681 1816 inferiori,
712 1774 750 1806 et
784 1766 840 1805 sic
869 1767 1039 1817 pertinet
1079 1763 1287 1815 eclipsiuni
1328 1760 1603 1801 consideracio

0 1825 21 1898 a}
63 1853 100 1886 25
118 1834 170 1873 ad
209 1834 313 1872 hanc
352 1833 567 1872 scienciam
607 1832 973 1884 experimentalem.
1049 1833 1098 1869 Et
1143 1838 1238 1868 tunc
1285 1836 1343 1867 est
1382 1825 1604 1865 ineffabilis
1624 1832 1643 1863 6
1661 1832 1694 1863 b.

119 1899 304 1938 alteracio
339 1898 380 1937 in
410 1898 611 1947 omnibus,
640 1906 679 1938 et
709 1899 881 1937 maxime
911 1897 1075 1948 quando
1105 1897 1148 1934 fit
1178 1894 1335 1945 eclipsis
1364 1891 1605 1938 universalis,

121 1967 285 2017 quando
333 1965 484 2004 scilicet
532 1972 661 2004 totum
710 1978 855 2015 corpus
904 1964 997 2002 solis
1046 1964 1108 2001 vel
1157 1963 1249 2000 lune
1300 1961 1523 2010 eclipsatur,
1570 1965 1608 1996 et

122 2033 292 2071 maxime
321 2032 486 2082 quando
516 2039 622 2070 totus
653 2031 712 2069 sol
742 2029 965 2080 eclipsatur.
1027 2030 1063 2066 T
1066 2041 1144 2066 unc
1172 2022 1250 2066 nox
1282 2034 1340 2064 est
1365 2038 1436 2076 pro
1466 2023 1543 2071 die,
1571 2031 1609 2062 et

121 2105 313 2149 apparent
343 2098 455 2136 stelle
485 2096 525 2135 in
552 2098 651 2144 celo,
674 2104 712 2135 et
739 2109 831 2135 aves
861 2094 983 2134 territi
1011 2095 1146 2133 volant
1177 2094 1254 2131 huc
1276 2100 1315 2130 et
1344 2090 1411 2137 ibi,
1434 2097 1473 2128 et
1494 2090 1610 2128 bruta

65 2181 106 2214 30
122 2171 316 2204 terrentur
341 2171 381 2203 et
407 2163 592 2202 homines
620 2161 791 2201 maxime
819 2160 859 2199 in
886 2162 1007 2200 corde
1033 2168 1071 2198 et
1098 2158 1244 2205 anima,
1275 2157 1377 2196 sicut
1404 2156 1479 2195 ista
1506 2162 1610 2194 etate

123 2238 326 2281 expertum
348 2237 407 2268 est
421 2244 432 2278 3
461 2236 500 2268 et
521 2228 643 2268 cicius
660 2228 732 2267 erit
748 2229 836 2267 talis
850 2226 1008 2278 eclipsis
1022 2239 1143 2277 quam
1160 2226 1228 2275 qui
1242 2224 1388 2263 vellent
1410 2221 1608 2272 sapientes

123 2296 163 2336 in
183 2298 260 2336 hac
280 2295 462 2336 sciencia.
523 2293 673 2335 Omnia
686 2295 762 2333 hec
776 2301 814 2333 et
828 2288 1053 2332 consimilia
1067 2298 1159 2331 sunt
1180 2291 1344 2329 effectus
1361 2289 1610 2339 planetarum

22 2406 23 2413 ἵ
125 2370 163 2402 et
183 2363 398 2410 stellarum,
419 2369 458 2400 et
479 2367 672 2400 vocantur
691 2374 714 2399 a
735 2361 948 2399 Ptolomeo
968 2366 1007 2398 et
1027 2357 1113 2397 aliis
1146 2359 1155 2376 ‘
1171 2356 1349 2396 secunda
1369 2355 1571 2394 stellarum
1589 2354 1609 2399 ³,

22 2419 24 2468 l
126 2428 219 2480 quia
238 2429 402 2468 effectus
423 2435 482 2467 est
502 2427 543 2466 in
573 2428 752 2466 secundo
782 2428 872 2465 loco
902 2431 1084 2475 respectu
1115 2436 1186 2462 sue
1215 2435 1362 2461 cause:
1392 2421 1443 2459 de
1464 2418 1611 2470 quibus

23 2500 25 2545 ἔ
69 2502 107 2535 35
126 2494 222 2535 dicit
243 2495 476 2533 Ptolomeus
498 2494 538 2532 in
561 2493 772 2543 Centz'logzb
793 2492 904 2543 quod
920 2490 1054 2530 anima
1075 2490 1232 2540 sapiens
1253 2486 1396 2526 certius
1416 2483 1612 2535 judicabit

127 2574 196 2612 per
216 2561 394 2601 secunda
414 2561 615 2599 stellarum
637 2572 758 2610 quam
779 2571 849 2609 per
869 2558 1013 2596 stellas.
1085 2557 1136 2594 Et
1156 2554 1249 2593 ideo
1269 2551 1367 2592 dicit
1387 2551 1427 2589 in
1447 2550 1548 2589 libro
1569 2551 1615 2587 de

128 2627 392 2678 Dzkposzkione
430 2627 546 2677 Spere
583 2626 694 2676 quod
738 2623 964 2663 Aristotiles
1002 2620 1148 2661 nobilis
1188 2628 1227 2659 et
1264 2616 1483 2658 astronomi
1524 2618 1612 2667 plus

128 2693 344 2732 fundarunt
365 2705 407 2731 se
427 2705 544 2743 super
564 2693 670 2730 hanc
690 2689 903 2730 scienciam
926 2701 1047 2739 quam
1068 2699 1186 2738 super
1206 2684 1503 2725 astronomiam.

18 2011 22 2030 l

0 2037 1 2048 l

20 2119 21 2143 l

20 2166 23 2214 ἱ

19 2221 23 2256 l

20 2262 23 2311 l

121 2799 124 2802 ⁴
173 2796 195 2819 2
210 2786 381 2828 Algazel]
393 2786 449 2819 lib.
463 2786 496 2818 ii.
510 2796 538 2818 c.
553 2797 583 2825 4.
606 2784 830 2825 Philosophia
842 2783 912 2823 (ed.
930 2781 1042 2823 1506).
