1908 3126
13 203 98 235 Envy
110 209 139 229 at
156 204 203 229 the
222 209 278 229 roo!

12 238 90 264 osall
105 237 183 267 evils,

10 627 67 653 and
82 626 130 652 the
143 626 234 657 decay
247 625 278 651 of

9 662 38 688 of
52 661 100 687 the
112 669 242 687 common

10 695 121 722 wealrh,

9 832 72 858 The
86 832 155 858 wish
170 832 211 859 for

10 868 85 899 good
100 867 173 893 fame

10 1038 168 1070 engenders
181 1037 218 1063 all

10 1072 84 1104 good
99 1071 204 1105 things,

190 1122 232 1153 40
249 1114 279 1143 b.

8 1395 65 1421 and
80 1396 260 1428 strengthens

7 1438 25 1455 a
38 1429 183 1463 kingdom.

9 1704 71 1729 The
85 1702 155 1729 evils
169 1703 232 1730 that

5 1738 102 1764 follow
114 1739 209 1764 carnal

7 1772 114 1798 desires

8 2040 65 2066 and
81 2041 154 2067 their

7 2083 216 2109 consequences

1024 67 1076 116 46

364 184 535 224 Invidia
560 184 706 237 itaque
731 190 916 236 generat
940 184 1217 224 mendacium
1249 183 1365 236 quod
1395 191 1459 223 est
1484 181 1612 224 radix
1641 197 1790 236 repro-

302 254 517 295 babilium
562 261 605 295 et
649 253 832 294 materia
873 253 1099 296 viciorum.
1166 254 1448 294 Mendacium
1490 259 1672 307 generat
1716 253 1790 293 de-

301 325 568 366 traccionem
589 341 596 364 :
630 324 852 365 detraccio
875 330 1022 364 autern
1044 330 1225 377 generat
1255 324 1404 363 odium
1424 339 1432 362 :
1467 324 1617 364 odium
1640 329 1789 364 autem

301 388 483 449 generat
517 394 743 448 injuriam:
789 393 948 447 injuria
981 401 1159 448 generat
1193 394 1502 447 pertinaciam:
1550 393 1790 448 pertinacia

301 471 481 519 generat
534 464 836 506 iracundiam:
907 464 1129 505 iracundia
1185 472 1364 518 generat
1420 456 1788 518 repugnanciam:

302 536 593 590 repugnancia
609 541 786 588 generat
803 533 1085 576 inimiciciam
1105 552 1112 575 :
1149 535 1382 576 inimicicia
1400 540 1582 588 generat
1598 533 1763 574 bellum
1782 550 1791 573 ε

302 605 465 647 bellum
504 619 608 646 vero
645 604 848 647 dissolvit
886 605 1030 659 legem
1066 612 1109 646 et
1144 605 1328 646 destruit
1363 605 1591 655 civitates;
1629 610 1673 644 et
1707 603 1790 645 hoc

301 684 367 717 est
400 677 667 718 contrarium
701 682 868 716 nature.
934 675 992 716 Et
1024 676 1142 729 quod
1178 682 1392 729 repugnat
1420 681 1575 715 nature
1603 673 1790 715 destruit

302 753 444 787 totum
470 760 579 800 opus
604 745 840 800 reipublice
863 752 905 786 et
929 759 1100 798 corpus.

361 815 504 858 Stude
542 817 673 870 igitur
709 822 752 856 et
792 815 926 870 dilige
963 816 1230 857 desiderium
1269 817 1383 856 bone
1422 817 1549 868 fame,
1581 815 1789 869 quoniam

301 888 416 928 racio
441 901 517 940 per
539 887 802 928 desiderium
827 887 941 927 bone
973 886 1088 926 fame
1111 886 1227 927 elicit
1250 887 1490 935 veritatem.
1548 886 1607 927 Et
1628 886 1789 927 veritas

301 964 367 998 est
391 958 519 998 radix
543 956 830 997 laudabilium
856 966 900 996 et
925 957 1106 997 materia
1125 957 1321 996 omnium
1346 958 1576 1006 bonorum,
1599 955 1702 1010 quia
1724 963 1789 997 est

300 1028 516 1069 contraria
539 1027 782 1077 mendacio,
806 1034 849 1068 et
873 1026 1132 1068 desiderium
1153 1027 1326 1079 justicie
1349 1032 1541 1081 generat.
1604 1025 1789 1079 JustiCia

299 1106 482 1152 generat
532 1097 880 1139 confidenciam:
937 1095 1211 1138 confidencia
1262 1095 1539 1150 largitatem:
1598 1095 1789 1151 largiltas

300 1167 404 1209 facit
427 1168 769 1209 familiaritatem
790 1184 797 1207 ;
832 1166 1106 1208 familiaritas
1132 1165 1377 1208 amiciciam
1397 1181 1404 1208 :
1438 1166 1635 1208 amicicia
1653 1180 1787 1221 gene-

301 1245 366 1279 rat
403 1237 633 1280 consilium
674 1244 718 1278 et
756 1238 974 1292 juvamen.
1043 1237 1124 1278 Per
1158 1237 1241 1278 hoc
1282 1236 1500 1290 siquidem
1545 1238 1664 1279 orbis
1696 1235 1788 1279 'fuit

300 1309 562 1350 constitutus
604 1315 647 1349 et
688 1308 805 1362 leges
841 1308 1090 1349 hominibus
1128 1308 1381 1356 constitute,
1419 1314 1463 1348 et
1504 1307 1584 1348 hec
1627 1307 1787 1349 racioni

300 1379 570 1420 conveniunt
587 1386 631 1419 et
654 1385 821 1418 nature.
868 1378 994 1419 Patet
1012 1392 1117 1432 ergo
1135 1379 1255 1431 quod
1278 1378 1541 1419 desiderium
1566 1378 1786 1431 regiminis

300 1456 480 1504 propter
506 1449 670 1490 bonam
694 1447 858 1489 famam
882 1455 947 1488 est
971 1448 1134 1489 bonum
1159 1448 1359 1489 durabile
1383 1454 1426 1489 et
1449 1447 1684 1489 laudabile.

360 1580 609 1634 Capitulum
634 1580 685 1622 .8.
711 1580 761 1620 dc·
786 1580 914 1621 malis
936 1594 1013 1633 qne
1033 1588 1235 1622 samam·
1257 1595 1307 1621 <tr
1326 1581 1500 1623 carnali
1517 1582 1720 1635 appetitu.

458 1683 720 1725 Alexander
762 1683 961 1724 declina1
999 1691 1182 1724 conatus
1221 1685 1468 1726 bestialium
1503 1685 1785 1739 voluptatum

423 1755 525 1807 quia
557 1753 864 1809 corruptibiles
892 1761 1006 1795 sunt.
1072 1754 1285 1796 Carnales
1313 1756 1428 1795 enim
1462 1755 1687 1810 appetitus
1722 1756 1785 1797 in-

298 1823 487 1864 clinant2
502 1824 702 1864 animum
722 1825 777 1865 ad
796 1825 1129 1877 corumptibiles
1143 1824 1390 1867 voluntates
1412 1826 1557 1867 anime
1574 1825 1783 1874 bestialis,

299 1893 414 1933 nulla
457 1895 730 1935 discrecione
777 1894 1023 1948 prehabita‚
1067 1901 1110 1935 ct
1154 1895 1253 1936 inde
1296 1909 1455 1950 corpus
1502 1895 1785 1950 corruptibile

298 1962 517 2013 letabitur,
545 1972 590 2006 et
622 1965 953 2006 contristabitur
985 1965 1233 2006 intellectus
1266 1965 1623 2020 incorruptibilis.
1688 1965 1783 2007 Sci-

299 2034 459 2074 endum
498 2035 632 2088 igitur
669 2036 789 2089 quod
831 2042 1019 2093 conatus(
1053 2036 1295 2089 voluptatis
1338 2043 1518 2089 generat
1562 2035 1782 2077 carnalem

298 2117 520 2144 amorem:
553 2105 738 2146 carnalis
770 2113 918 2146 autem
949 2120 1073 2146 amor
1098 2114 1278 2159 generat
1301 2107 1559 2147 avariciam:
1593 2106 1782 2148 avaricia

296 2180 479 2227 generat
501 2175 764 2215 desiderium
783 2175 1040 2217 diviciarum
1058 2191 1065 2215 ;
1098 2175 1360 2216 desiderium
1379 2176 1633 2217 diviciarum
1651 2189 1781 2229 gene-

297 2250 364 2284 rat
388 2244 743 2285 inverecundiam
764 2261 772 2285 ;
798 2245 1105 2286 inverecundia
1122 2260 1226 2286 vcro
1244 2246 1652 2300 presumpcionem:
1684 2260 1781 2300 pre-

1811 478 1828 508 5

1813 832 1851 854 10

1813 1181 1847 1211 15

1808 1598 1848 1620 20

1809 1982 1846 2014 ²5

296 2314 497 2367 sumpcio
525 2314 859 2356 infidelitatem:
898 2315 1133 2357 infidelitas
1164 2316 1467 2357 latrocinium:
1501 2315 1779 2358 latrocinium
1800 2331 1840 2364 30
1865 2314 1870 2327 '

349 2440 359 2459 ¹
391 2439 432 2479 id
453 2448 522 2488 est,
547 2440 718 2491 reprime
739 2441 779 2480 in
801 2455 922 2481 omne
942 2441 1152 2492 appetitus.

349 2494 362 2513 ²
391 2495 431 2533 id
453 2502 522 2541 est,
545 2504 774 2545 provocant.

337 2612 380 2633 20
403 2603 558 2643 Chapter
574 2613 606 2634 x.
632 2605 667 2635 lf'.

336 2719 355 2738 2
382 2708 614 2752 Mendacium]
635 2710 764 2742 Invidia
783 2711 855 2742 MS.
