1908 3126
1008 73 1030 112 8

272 189 460 227 falsorum
481 196 520 227 et
542 188 641 226 falso
662 186 1040 238 philosophancium
1062 193 1101 225 et
1129 187 1407 234 hereticorum,
1430 194 1468 226 et
1495 192 1691 237 pervertet
1710 185 1762 225 ad

273 262 432 306 tempus
454 266 576 293 omne
596 267 733 292 verum
755 260 793 292 et
815 253 981 292 bonum.

336 354 563 404 Capitulum
583 358 769 403 quartum
789 353 833 389 de
853 352 963 390 dictis
983 351 1148 401 etfactc's
1167 364 1346 391 verorum
1367 343 1735 395 mathematisorum.

393 436 445 474 Et
461 434 734 474 mathematici
751 433 831 473 veri
849 435 1086 485 elongantur
1101 433 1260 485 penitus
1276 435 1328 473 ab
1344 433 1421 473 hiis
1434 434 1548 473 malis
1564 433 1767 486 omnibus,

288 441 432 582 Set
449 508 605 540 servant
622 501 790 539 omnino
803 498 1009 539 veritatem
1023 498 1278 550 philosophie
1295 507 1333 539 et
1355 499 1464 549 fidei,
1479 508 1518 540 et
1534 513 1605 551 pro
1621 499 1767 540 debitis
1789 513 1806 545 5

395 566 774 607 constellacionibus
791 566 921 604 sciunt
943 565 1086 617 eligere
1103 573 1284 616 tempora
1300 565 1342 604 in
1357 566 1504 617 quibus
1520 580 1590 618 per
1605 567 1768 606 virtutes

280 636 529 685 planetarum
554 640 592 672 et
619 634 821 672 stellarum
844 633 1009 671 fixarum
1030 640 1211 682 possunt,
1237 632 1315 672 Dei
1339 631 1620 684 disposicione,
1645 633 1770 672 multa

280 701 362 739 fieri
383 713 453 750 per
472 707 654 738 naturam
676 706 714 738 et
735 711 805 748 per
825 706 948 737 artem
969 699 1175 748 juvantem
1197 705 1392 747 naturam,
1409 706 1448 738 et
1468 706 1634 738 utuntur
1654 697 1771 738 dictis

280 775 318 805 et
354 765 466 804 factis
500 764 628 813 certis,
662 772 720 804 set
756 778 837 802 non
870 763 1114 802 carminibus
1150 763 1313 815 magicis
1345 778 1420 804 nec
1454 766 1676 804 vetularum
1712 771 1771 803 set

280 832 504 872 secundum
543 831 715 882 graciam
756 832 892 870 datam
939 830 1202 881 philosophis,
1243 830 1348 870 circa
1386 833 1537 870 cultum
1588 831 1770 871 divinum
1792 847 1831 870 ιο

281 905 503 937 statuerunt
549 897 757 937 oraciones
797 906 835 937 et
882 897 1084 944 sacrificia,
1127 897 1351 937 secundum
1396 899 1507 948 quod
1546 896 1771 937 Aristotiles

280 963 406 1016 tangit
427 965 589 1004 inferius
611 964 651 1002 in
672 972 782 1015 parte
802 963 930 1014 prima
951 964 1127 1014 capitulo
1148 962 1302 1003 ultimo.
1647 1000 1650 1004 .

340 1031 445 1069 Nam
474 1030 547 1069 etsi
574 1044 655 1069 non
688 1030 909 1069 debeamus
939 1042 1113 1068 asserere
1143 1031 1254 1080 quod
1284 1030 1515 1081 philosophi
1546 1020 1773 1070 habuerunt

283 1095 457 1147 graciam
492 1104 646 1147 gratum
680 1097 905 1142 facientem,
941 1094 1034 1145 quia
1068 1096 1270 1134 nescimus
1306 1097 1530 1136 secundum
1565 1098 1643 1136 hoc
1675 1095 1773 1147 quid

283 1163 419 1201 fecerit
446 1163 502 1201 eis
526 1163 651 1209 Deus,
674 1169 809 1201 tamen
838 1161 986 1200 scimus
1013 1162 1124 1212 quod
1146 1162 1372 1201 habuerunt
1393 1175 1580 1213 magnam
1599 1161 1771 1213 graciam
1794 1181 1831 1213 15

282 1228 401 1279 gratis
418 1228 566 1275 datam,
585 1227 747 1275 scilicet,
767 1227 968 1278 sapiencie
991 1227 1187 1278 magnalia
1208 1235 1247 1266 et
1268 1227 1469 1267 mirabiles
1489 1227 1654 1267 virtutes
1674 1241 1774 1278 quas

286 1293 437 1332 utinam
488 1307 560 1332 nos
610 1307 751 1332 omnes
796 1293 1013 1333 Christiani
1061 1294 1310 1333 haberemus.
1391 1294 1626 1345 Philosophi
1665 1293 1772 1333 enim

288 1359 431 1411 magni,
454 1367 496 1398 ut
520 1361 645 1408 Plato,
668 1359 904 1407 Aristotiles,
928 1367 966 1398 et
990 1358 1206 1408 Avicenna,
1228 1368 1266 1398 et
1294 1360 1535 1410 hujusmodi,
1559 1374 1642 1399 non
1670 1361 1777 1399 colu-

287 1433 402 1465 erunt
419 1426 536 1476 ydola
553 1434 612 1464 set
629 1427 896 1476 despexerunt
913 1439 970 1473 ea,
987 1433 1026 1465 et
1044 1427 1177 1464 Deum
1194 1439 1330 1464 verum
1346 1439 1456 1466 more
1473 1440 1545 1466 suo
1566 1428 1776 1465 coluerunt

289 1493 513 1531 secundum
544 1491 716 1542 graciam
751 1491 807 1530 eis
842 1492 1005 1530 datam:
1050 1499 1088 1530 et
1124 1491 1216 1531 ideo
1251 1492 1478 1532 habuerunt
1512 1492 1704 1532 sacrificia
1738 1499 1778 1532 et
1798 1511 1837 1532 20

288 1557 494 1597 oraciones
525 1559 610 1597 sine
640 1559 726 1608 lege
759 1557 891 1608 Moysi
922 1564 960 1596 et
982 1557 1220 1606 Christiana,
1251 1557 1352 1597 sicut
1381 1559 1536 1610 antiqui
1565 1567 1696 1610 patres
1724 1559 1777 1598 ab

291 1624 422 1662 Adam
453 1637 579 1674 usque
609 1625 660 1662 ad
691 1625 819 1674 legem
851 1625 985 1663 datam
1018 1623 1162 1673 Moysi.
1225 1625 1348 1664 Unde
1369 1624 1592 1664 Aristotiles
1621 1624 1662 1663 in
1691 1626 1779 1675 lege

290 1703 361 1728 sua
378 1696 538 1740 propter
553 1691 705 1728 cultum
723 1688 928 1728 Trinitatis
943 1689 1083 1728 habuit
1100 1689 1307 1729 oraciones
1329 1698 1406 1729 tres
1422 1698 1461 1730 et
1483 1690 1674 1730 sacrificia
1693 1691 1776 1739 tria,

292 1755 393 1795 sicut
415 1757 535 1795 docet
558 1757 733 1807 Averoys
756 1755 795 1794 in
817 1755 1014 1807 principio
1040 1757 1126 1795 Cels
1142 1762 1179 1794 et
1196 1758 1356 1796 slsundi.

349 1824 399 1860 Et
428 1821 647 1860 astronomi
679 1822 896 1861 Christiani
924 1822 1075 1861 debent
1104 1821 1169 1873 pia
1195 1822 1418 1862 devocione
1445 1822 1500 1862 uti
1526 1822 1781 1862 oracionibus
1801 1843 1838 1876 25

292 1889 344 1928 ad
376 1890 509 1927 Deum
540 1895 579 1927 et
610 1896 779 1936 sanctos,
812 1896 850 1927 et
879 1901 948 1928 eos
979 1888 1166 1927 invocare
1196 1888 1235 1926 in
1266 1889 1455 1928 omnibus
1485 1889 1673 1940 operibus
1700 1888 1781 1928 suis

295 1954 334 1992 in
366 1954 568 2002 auxilium,
601 1962 639 1993 et
675 1968 756 1994 non
792 1956 988 1994 demones
1024 1955 1125 1994 sicut
1160 1955 1314 2006 magici,
1346 1955 1492 2006 quibus
1527 1954 1782 1994 oracionibus

294 2020 420 2059 sancti
435 2021 640 2071 utriusque
655 2021 905 2060 Testamenti
923 2022 981 2059 usi
1000 2029 1107 2070 sunt,
1119 2029 1158 2060 et
1172 2022 1329 2060 addunt
1345 2022 1567 2073 karacteres
1584 2028 1623 2061 et
1639 2022 1782 2072 figuras

266 2113 272 2121 .
296 2087 422 2126 crucis
450 2095 488 2126 et
516 2086 520 2139 l
547 2086 755 2135 Crucifixi,
779 2095 818 2126 et
846 2089 970 2126 Beate
992 2086 1180 2138 Virginis,
1200 2095 1239 2126 et
1269 2088 1381 2127 Beati
1410 2087 1583 2126 Dionisii
1612 2087 1682 2138 qui
1711 2088 1783 2126 fuit

298 2152 472 2202 optimus
488 2161 742 2192 astronomus
760 2161 797 2192 et
813 2153 981 2192 aliorum
995 2154 1047 2192 ad
1064 2166 1165 2204 quos
1181 2167 1352 2204 operans
1366 2154 1487 2193 habet
1504 2153 1784 2201 devocionem,
1803 2173 1842 2203 30

298 2226 336 2256 et
357 2218 508 2258 debent
529 2227 567 2257 et
588 2227 755 2270 possunt
772 2221 945 2270 quedam
964 2232 1085 2270 opera
1104 2220 1233 2258 facere
1248 2219 1551 2268 conveniencia,
1567 2228 1610 2260 ut
1631 2220 1784 2260 facilius

299 2291 337 2322 et
367 2284 509 2323 melius
537 2285 722 2325 accidant
753 2299 830 2336 que
861 2287 1055 2325 intendat.
1116 2287 1173 2326 Ut
1204 2285 1384 2325 medicus
1415 2286 1564 2337 peritus
1594 2288 1634 2325 in
1664 2294 1784 2326 astro-

301 2351 435 2389 nomia
474 2352 586 2401 ponit
627 2351 880 2391 medicinalia
920 2365 991 2391 sua
1031 2352 1105 2391 sub
1140 2351 1234 2391 divo
1269 2353 1434 2403 quando
1474 2353 1587 2392 stelle
1625 2352 1781 2392 utilium

297 2418 582 2467 operacionum
600 2425 638 2456 et
659 2417 993 2458 conveniencium
1011 2426 1103 2457 sunt
1124 2431 1242 2469 super
1262 2419 1451 2467 orizonta‚
1474 2419 1552 2458 hoc
1572 2426 1647 2468 est,
1666 2432 1784 2470 super

300 2481 595 2522 habitacionem
629 2491 803 2523 nostram
836 2485 898 2523 vel
938 2498 1067 2532 suam,
1098 2484 1180 2523 sive
1220 2498 1339 2535 super
1371 2492 1515 2524 terram
1550 2492 1685 2525 nostre
1718 2486 1842 2532 ha-35

300 2546 522 2595 hitacionis‚
546 2556 584 2587 et
605 2557 717 2588 cavet
737 2564 759 2589 a
780 2550 932 2589 nocivis
959 2550 1093 2590 stellis.
1154 2552 1204 2589 Et
1232 2550 1411 2590 similiter
1436 2550 1528 2590 facit
1549 2552 1600 2591 de
1620 2550 1720 2591 cibis
1745 2559 1785 2591 et

301 2612 474 2663 potibus,
513 2614 542 2652 si
583 2623 641 2653 est
681 2615 838 2666 sapiens
879 2616 918 2654 in
957 2616 1214 2655 astronomia.
1277 2616 1414 2656 Eciam
1455 2617 1560 2668 ipsas
1595 2631 1784 2668 personas

348 2721 383 2741 11
410 2712 643 2752 Aristotiles]
668 2723 726 2744 see
750 2724 781 2753 p.
802 2715 854 2744 61.
1224 2725 1264 2753 24
1289 2714 1476 2752 Averoysl
1502 2715 1558 2747 lib.
1577 2716 1596 2746 i.
1617 2726 1643 2748 c.
1662 2726 1692 2755 3.

1891 263 1899 339 ἡ
