<?xml version="1.0" encoding="UTF-8"?>
<!DOCTYPE html PUBLIC "-//W3C//DTD XHTML 1.0 Transitional//EN"
    "http://www.w3.org/TR/xhtml1/DTD/xhtml1-transitional.dtd">
<html xmlns="http://www.w3.org/1999/xhtml" xml:lang="en" lang="en">
 <head>
  <title>
</title>
<meta http-equiv="Content-Type" content="text/html;charset=utf-8" />
  <meta name='ocr-system' content='tesseract 3.04.00' />
  <meta name='ocr-capabilities' content='ocr_page ocr_carea ocr_par ocr_line ocrx_word'/>
</head>
<body>
  <div class='ocr_page' id='page_1' title='image "./operahactenusine05baco_0130.png"; bbox 0 0 1908 3126; ppageno 0'>
   <div class='ocr_carea' id='block_1_1' title="bbox 1027 110 1081 164">
    <p class='ocr_par' dir='ltr' id='par_1_1' title="bbox 1027 110 1081 164">
     <span class='ocr_line' id='line_1_1' title="bbox 1027 110 1081 164; baseline 0 -16"><span class='ocrx_word' id='word_1_1' title='bbox 1027 110 1081 164; x_wconf 82' lang='lat'>56</span> 
     </span>
    </p>
   </div>
   <div class='ocr_carea' id='block_1_2' title="bbox 18 224 1838 703">
    <p class='ocr_par' dir='ltr' id='par_1_2' title="bbox 306 224 1798 278">
     <span class='ocr_line' id='line_1_2' title="bbox 306 224 1798 278; baseline -0.005 -7"><span class='ocrx_word' id='word_1_2' title='bbox 306 231 492 271; x_wconf 87' lang='lat' dir='ltr'>virtutes</span> <span class='ocrx_word' id='word_1_3' title='bbox 515 229 707 271; x_wconf 88' lang='lat' dir='ltr'>celorum</span> <span class='ocrx_word' id='word_1_4' title='bbox 727 227 1059 270; x_wconf 83' lang='lat' dir='ltr'>clamabunt⁴ad</span> <span class='ocrx_word' id='word_1_5' title='bbox 1080 226 1273 267; x_wconf 74' lang='lat' dir='ltr'>divinam</span> <span class='ocrx_word' id='word_1_6' title='bbox 1293 230 1585 278; x_wconf 79' lang='lat' dir='ltr'>magestatem</span> <span class='ocrx_word' id='word_1_7' title='bbox 1602 224 1798 265; x_wconf 87' lang='lat' dir='ltr'>dicentes</span> 
     </span>
    </p>

    <p class='ocr_par' dir='ltr' id='par_1_3' title="bbox 18 286 1798 355">
     <span class='ocr_line' id='line_1_3' title="bbox 18 286 1798 355; baseline -0.003 -15"><span class='ocrx_word' id='word_1_8' title='bbox 18 314 80 340; x_wconf 71' lang='lat' dir='ltr'>The</span> <span class='ocrx_word' id='word_1_9' title='bbox 93 313 208 355; x_wconf 50' lang='lat' dir='ltr'>virm-es</span> <span class='ocrx_word' id='word_1_10' title='bbox 222 312 253 338; x_wconf 79' lang='lat' dir='ltr'>os</span> <span class='ocrx_word' id='word_1_11' title='bbox 314 300 512 342; x_wconf 88' lang='lat' dir='ltr'>Domino</span> <span class='ocrx_word' id='word_1_12' title='bbox 532 316 539 339; x_wconf 92' lang='lat'>:</span> <span class='ocrx_word' id='word_1_13' title='bbox 576 298 781 347; x_wconf 86' lang='lat' dir='ltr'>Domine,</span> <span class='ocrx_word' id='word_1_14' title='bbox 799 311 951 339; x_wconf 83' lang='lat' dir='ltr'>servus</span> <span class='ocrx_word' id='word_1_15' title='bbox 969 297 1091 338; x_wconf 82' lang='lat' dir='ltr'>Tuus</span> <span class='ocrx_word' id='word_1_16' title='bbox 1108 295 1202 338; x_wconf 81' lang='lat' dir='ltr'>vult</span> <span class='ocrx_word' id='word_1_17' title='bbox 1227 310 1322 337; x_wconf 90' lang='lat' dir='ltr'>esse</span> <span class='ocrx_word' id='word_1_18' title='bbox 1339 294 1441 336; x_wconf 89' lang='lat' dir='ltr'>Tibi</span> <span class='ocrx_word' id='word_1_19' title='bbox 1458 286 1624 336; x_wconf 86' lang='lat' dir='ltr'>similis.</span> <span class='ocrx_word' id='word_1_20' title='bbox 1683 293 1798 348; x_wconf 79' lang='lat' dir='ltr'>Quia</span> 
     </span>
    </p>

    <p class='ocr_par' dir='ltr' id='par_1_4' title="bbox 18 346 1797 424">
     <span class='ocr_line' id='line_1_4' title="bbox 18 346 1797 424; baseline -0.007 -8"><span class='ocrx_word' id='word_1_21' title='bbox 18 346 291 416; x_wconf 45' lang='grc' dir='ltr'>ἒῗιᾶεἶῖἶὲἔζζοῖὴε</span> <span class='ocrx_word' id='word_1_22' title='bbox 313 371 347 412; x_wconf 82' lang='lat' dir='ltr'>si</span> <span class='ocrx_word' id='word_1_23' title='bbox 372 370 538 424; x_wconf 87' lang='lat' dir='ltr'>injuste</span> <span class='ocrx_word' id='word_1_24' title='bbox 561 368 832 415; x_wconf 88' lang='lat' dir='ltr'>interficitur,</span> <span class='ocrx_word' id='word_1_25' title='bbox 857 369 1095 423; x_wconf 86' lang='lat' dir='ltr'>respondet</span> <span class='ocrx_word' id='word_1_26' title='bbox 1120 366 1306 408; x_wconf 84' lang='lat' dir='ltr'>Creator</span> <span class='ocrx_word' id='word_1_27' title='bbox 1328 365 1554 407; x_wconf 86' lang='lat' dir='ltr'>excelsus:</span> <span class='ocrx_word' id='word_1_28' title='bbox 1591 363 1797 406; x_wconf 91' lang='lat' dir='ltr'>Perimite</span> 
     </span>
    </p>

    <p class='ocr_par' dir='ltr' id='par_1_5' title="bbox 18 416 1838 565">
     <span class='ocr_line' id='line_1_5' title="bbox 18 416 1790 495; baseline -0.005 -12"><span class='ocrx_word' id='word_1_29' title='bbox 18 416 187 450; x_wconf 47' lang='lat' dir='ltr'>mmlayer&#39;</span> <span class='ocrx_word' id='word_1_30' title='bbox 311 455 411 482; x_wconf 90' lang='lat' dir='ltr'>eum</span> <span class='ocrx_word' id='word_1_31' title='bbox 443 440 516 495; x_wconf 89' lang='lat' dir='ltr'>qui</span> <span class='ocrx_word' id='word_1_32' title='bbox 541 438 747 481; x_wconf 88' lang='lat' dir='ltr'>interficit</span> <span class='ocrx_word' id='word_1_33' title='bbox 770 439 872 492; x_wconf 86' lang='lat' dir='ltr'>quia</span> <span class='ocrx_word' id='word_1_34' title='bbox 891 439 983 493; x_wconf 89' lang='lat' dir='ltr'>ipse</span> <span class='ocrx_word' id='word_1_35' title='bbox 1000 437 1310 479; x_wconf 78' lang='lat' dir='ltr'>interficietur:</span> <span class='ocrx_word' id='word_1_36' title='bbox 1353 436 1462 476; x_wconf 82' lang='lat' dir='ltr'>Mihi</span> <span class='ocrx_word' id='word_1_37' title='bbox 1485 435 1724 477; x_wconf 84' lang='lat' dir='ltr'>vindictam</span> <span class='ocrx_word' id='word_1_38' title='bbox 1748 441 1790 475; x_wconf 91' lang='lat' dir='ltr'>et</span> 
     </span>
     <span class='ocr_line' id='line_1_6' title="bbox 203 505 1838 565; baseline -0.006 -11"><span class='ocrx_word' id='word_1_39' title='bbox 203 524 244 564; x_wconf 71' lang='lat'>48</span> <span class='ocrx_word' id='word_1_40' title='bbox 263 534 292 553; x_wconf 83' lang='lat' dir='ltr'>a.</span> <span class='ocrx_word' id='word_1_41' title='bbox 316 512 416 565; x_wconf 85' lang='lat' dir='ltr'>Ego</span> <span class='ocrx_word' id='word_1_42' title='bbox 432 508 700 552; x_wconf 61' lang='lat' dir='ltr'>retribuam}</span> <span class='ocrx_word' id='word_1_43' title='bbox 731 507 736 564; x_wconf 85' lang='grc' dir='ltr'>Ι</span> <span class='ocrx_word' id='word_1_44' title='bbox 768 509 828 550; x_wconf 84' lang='lat' dir='ltr'>Et</span> <span class='ocrx_word' id='word_1_45' title='bbox 843 510 1011 550; x_wconf 89' lang='lat' dir='ltr'>tociens</span> <span class='ocrx_word' id='word_1_46' title='bbox 1028 508 1072 549; x_wconf 91' lang='lat' dir='ltr'>in</span> <span class='ocrx_word' id='word_1_47' title='bbox 1087 508 1172 548; x_wconf 88' lang='lat' dir='ltr'>suis</span> <span class='ocrx_word' id='word_1_48' title='bbox 1191 507 1397 548; x_wconf 79' lang='lat' dir='ltr'>laudibus</span> <span class='ocrx_word' id='word_1_49' title='bbox 1410 507 1592 547; x_wconf 86' lang='lat' dir='ltr'>virtutes</span> <span class='ocrx_word' id='word_1_50' title='bbox 1607 505 1799 556; x_wconf 75' lang='lat' dir='ltr'>celorum</span> <span class='ocrx_word' id='word_1_51' title='bbox 1819 521 1838 553; x_wconf 88' lang='lat'><strong>5</strong></span> 
     </span>
    </p>

    <p class='ocr_par' dir='ltr' id='par_1_6' title="bbox 21 576 1800 636">
     <span class='ocr_line' id='line_1_7' title="bbox 21 576 1800 636; baseline -0.003 -14"><span class='ocrx_word' id='word_1_52' title='bbox 21 596 271 634; x_wconf 23' lang='lat' dir='ltr'>pmnvengeannce</span> <span class='ocrx_word' id='word_1_53' title='bbox 313 580 677 636; x_wconf 89' lang='lat' dir='ltr'>representabunt</span> <span class='ocrx_word' id='word_1_54' title='bbox 701 586 886 620; x_wconf 92' lang='lat' dir='ltr'>mortem</span> <span class='ocrx_word' id='word_1_55' title='bbox 911 578 1125 620; x_wconf 86' lang='lat' dir='ltr'>interfecti</span> <span class='ocrx_word' id='word_1_56' title='bbox 1149 579 1290 619; x_wconf 86' lang='lat' dir='ltr'>donec</span> <span class='ocrx_word' id='word_1_57' title='bbox 1309 577 1502 618; x_wconf 88' lang='lat' dir='ltr'>vindicta</span> <span class='ocrx_word' id='word_1_58' title='bbox 1523 583 1723 617; x_wconf 86' lang='lat' dir='ltr'>sumatur</span> <span class='ocrx_word' id='word_1_59' title='bbox 1744 576 1800 616; x_wconf 90' lang='lat' dir='ltr'>ab</span> 
     </span>
    </p>

    <p class='ocr_par' dir='ltr' id='par_1_7' title="bbox 20 630 1802 703">
     <span class='ocr_line' id='line_1_8' title="bbox 20 630 1802 703; baseline -0.004 -9"><span class='ocrx_word' id='word_1_60' title='bbox 20 631 132 657; x_wconf 64' lang='lat' dir='ltr'><strong>¹⁵d⁰ne</strong></span> <span class='ocrx_word' id='word_1_61' title='bbox 145 639 181 658; x_wconf 61' lang='grc' dir='ltr'>ΟΠ</span> <span class='ocrx_word' id='word_1_62' title='bbox 195 630 262 656; x_wconf 63' lang='lat' dir='ltr'>hm</span> <span class='ocrx_word' id='word_1_63' title='bbox 313 650 618 699; x_wconf 85' lang='lat' dir='ltr'>interficiente,</span> <span class='ocrx_word' id='word_1_64' title='bbox 651 650 725 703; x_wconf 88' lang='lat' dir='ltr'>qui</span> <span class='ocrx_word' id='word_1_65' title='bbox 769 650 850 691; x_wconf 86' lang='lat' dir='ltr'>erit</span> <span class='ocrx_word' id='word_1_66' title='bbox 893 663 1004 690; x_wconf 88' lang='lat' dir='ltr'>unus</span> <span class='ocrx_word' id='word_1_67' title='bbox 1048 650 1103 690; x_wconf 92' lang='lat' dir='ltr'>de</span> <span class='ocrx_word' id='word_1_68' title='bbox 1147 646 1549 703; x_wconf 80' lang='lat' dir='ltr'>perseveratoribus</span> <span class='ocrx_word' id='word_1_69' title='bbox 1591 646 1634 687; x_wconf 92' lang='lat' dir='ltr'>in</span> <span class='ocrx_word' id='word_1_70' title='bbox 1679 646 1802 699; x_wconf 90' lang='lat' dir='ltr'>penis</span> 
     </span>
    </p>
   </div>
   <div class='ocr_carea' id='block_1_3' title="bbox 313 722 488 763">
    <p class='ocr_par' dir='ltr' id='par_1_8' title="bbox 313 722 488 763">
     <span class='ocr_line' id='line_1_9' title="bbox 313 722 488 763; baseline -0.006 -1"><span class='ocrx_word' id='word_1_71' title='bbox 313 722 488 763; x_wconf 84' lang='lat' dir='ltr'>eternis.</span> 
     </span>
    </p>
   </div>
   <div class='ocr_carea' id='block_1_4' title="bbox 317 833 1880 1022">
    <p class='ocr_par' dir='ltr' id='par_1_9' title="bbox 317 833 1880 1022">
     <span class='ocr_line' id='line_1_10' title="bbox 380 833 1867 893; baseline -0.004 -12"><span class='ocrx_word' id='word_1_72' title='bbox 380 838 630 893; x_wconf 77' lang='lat' dir='ltr'>Capitulum</span> <span class='ocrx_word' id='word_1_73' title='bbox 646 837 856 879; x_wconf 77' lang='lat' dir='ltr'>decimmn</span> <span class='ocrx_word' id='word_1_74' title='bbox 872 851 1029 879; x_wconf 73' lang='lat' dir='ltr'>novum</span> <span class='ocrx_word' id='word_1_75' title='bbox 1044 837 1095 878; x_wconf 80' lang='lat' dir='ltr'>de</span> <span class='ocrx_word' id='word_1_76' title='bbox 1102 836 1326 892; x_wconf 73' lang='lat' dir='ltr'>fidelitate</span> <span class='ocrx_word' id='word_1_77' title='bbox 1338 835 1561 877; x_wconf 75' lang='lat' dir='ltr'>servanda</span> <span class='ocrx_word' id='word_1_78' title='bbox 1568 833 1803 876; x_wconf 80' lang='lat' dir='ltr'>secundum</span> <span class='ocrx_word' id='word_1_79' title='bbox 1864 860 1867 862; x_wconf 60' lang='lat'>&gt;</span> 
     </span>
     <span class='ocr_line' id='line_1_11' title="bbox 317 906 1880 963; baseline -0.003 -13"><span class='ocrx_word' id='word_1_80' title='bbox 317 908 557 963; x_wconf 78' lang='lat' dir='ltr'>exemplum</span> <span class='ocrx_word' id='word_1_81' title='bbox 591 909 888 962; x_wconf 72' lang='lat' dir='ltr'>czlltz&#39;quornm,</span> <span class='ocrx_word' id='word_1_82' title='bbox 920 915 963 950; x_wconf 83' lang='lat' dir='ltr'>et</span> <span class='ocrx_word' id='word_1_83' title='bbox 995 907 1110 962; x_wconf 76' lang='lat' dir='ltr'>qued</span> <span class='ocrx_word' id='word_1_84' title='bbox 1139 921 1215 949; x_wconf 69' lang='lat' dir='ltr'>rex</span> <span class='ocrx_word' id='word_1_85' title='bbox 1238 906 1367 948; x_wconf 48' lang='lat' dir='ltr'>&gt;debet</span> <span class='ocrx_word' id='word_1_86' title='bbox 1394 919 1483 947; x_wconf 80' lang='lat' dir='ltr'>esse</span> <span class='ocrx_word' id='word_1_87' title='bbox 1513 919 1676 946; x_wconf 81' lang='lat' dir='ltr'>memor</span> <span class='ocrx_word' id='word_1_88' title='bbox 1703 911 1804 960; x_wconf 83' lang='lat' dir='ltr'>pre·</span> <span class='ocrx_word' id='word_1_89' title='bbox 1828 920 1880 946; x_wconf 87' lang='lat'>10·-</span> 
     </span>
     <span class='ocr_line' id='line_1_12' title="bbox 323 979 1871 1022; baseline -0.005 0"><span class='ocrx_word' id='word_1_90' title='bbox 323 986 567 1022; x_wconf 67' lang='lat' dir='ltr'>tentorum.</span> <span class='ocrx_word' id='word_1_91' title='bbox 1663 988 1666 991; x_wconf 91' lang='lat'>·</span> <span class='ocrx_word' id='word_1_92' title='bbox 1867 979 1871 982; x_wconf 89' lang='grc'><strong>’</strong></span> 
     </span>
    </p>
   </div>
   <div class='ocr_carea' id='block_1_5' title="bbox 0 1061 1908 2087">
    <p class='ocr_par' dir='ltr' id='par_1_10' title="bbox 27 1061 1805 1138">
     <span class='ocr_line' id='line_1_13' title="bbox 27 1061 1805 1138; baseline -0.002 -31"><span class='ocrx_word' id='word_1_93' title='bbox 27 1106 68 1132; x_wconf 60' lang='lat' dir='ltr'>Be</span> <span class='ocrx_word' id='word_1_94' title='bbox 81 1104 188 1138; x_wconf 58' lang='lat' dir='ltr'>guided</span> <span class='ocrx_word' id='word_1_95' title='bbox 202 1105 240 1137; x_wconf 59' lang='lat' dir='ltr'>by</span> <span class='ocrx_word' id='word_1_96' title='bbox 488 1065 749 1106; x_wconf 76' lang='lat' dir='ltr'>Alexander</span> <span class='ocrx_word' id='word_1_97' title='bbox 793 1066 850 1107; x_wconf 90' lang='lat' dir='ltr'>de</span> <span class='ocrx_word' id='word_1_98' title='bbox 894 1066 1098 1108; x_wconf 90' lang='lat' dir='ltr'>omnibus</span> <span class='ocrx_word' id='word_1_99' title='bbox 1142 1066 1266 1120; x_wconf 84' lang='lat' dir='ltr'>penis</span> <span class='ocrx_word' id='word_1_100' title='bbox 1311 1064 1446 1106; x_wconf 85' lang='lat' dir='ltr'>habes</span> <span class='ocrx_word' id='word_1_101' title='bbox 1491 1062 1579 1119; x_wconf 90' lang='lat' dir='ltr'>(vel</span> <span class='ocrx_word' id='word_1_102' title='bbox 1621 1061 1805 1118; x_wconf 88' lang='lat' dir='ltr'>habeas)</span> 
     </span>
    </p>

    <p class='ocr_par' dir='ltr' id='par_1_11' title="bbox 24 1133 1908 1401">
     <span class='ocr_line' id='line_1_14' title="bbox 24 1133 1908 1216; baseline -0.001 -40"><span class='ocrx_word' id='word_1_103' title='bbox 24 1139 266 1208; x_wconf 48' lang='lat' dir='ltr'>ssffiffiffizs‘issrs.</span> <span class='ocrx_word' id='word_1_104' title='bbox 445 1134 656 1177; x_wconf 89' lang='lat' dir='ltr'>noticiam</span> <span class='ocrx_word' id='word_1_105' title='bbox 673 1151 681 1176; x_wconf 94' lang='lat'>:</span> <span class='ocrx_word' id='word_1_106' title='bbox 705 1135 844 1177; x_wconf 87' lang='lat' dir='ltr'>multa</span> <span class='ocrx_word' id='word_1_107' title='bbox 861 1150 1022 1191; x_wconf 87' lang='lat' dir='ltr'>genera</span> <span class='ocrx_word' id='word_1_108' title='bbox 1041 1136 1256 1177; x_wconf 90' lang='lat' dir='ltr'>malorum</span> <span class='ocrx_word' id='word_1_109' title='bbox 1275 1135 1584 1190; x_wconf 81' lang='lat' dir='ltr'>experimento</span> <span class='ocrx_word' id='word_1_110' title='bbox 1603 1133 1806 1182; x_wconf 76' lang='lat' dir='ltr'>didicisti,</span> <span class='ocrx_word' id='word_1_111' title='bbox 1905 1163 1908 1216; x_wconf 60' lang='grc' dir='ltr'><strong>ἱ</strong></span> 
     </span>
     <span class='ocr_line' id='line_1_15' title="bbox 321 1205 1908 1262; baseline -0.002 -16"><span class='ocrx_word' id='word_1_112' title='bbox 321 1206 504 1247; x_wconf 89' lang='lat' dir='ltr'>reducas</span> <span class='ocrx_word' id='word_1_113' title='bbox 529 1207 585 1247; x_wconf 88' lang='lat' dir='ltr'>ad</span> <span class='ocrx_word' id='word_1_114' title='bbox 611 1208 868 1248; x_wconf 84' lang='lat' dir='ltr'>memoriam</span> <span class='ocrx_word' id='word_1_115' title='bbox 885 1214 1012 1262; x_wconf 89' lang='lat' dir='ltr'>gesta</span> <span class='ocrx_word' id='word_1_116' title='bbox 1029 1213 1264 1260; x_wconf 86' lang='lat' dir='ltr'>parentum</span> <span class='ocrx_word' id='word_1_117' title='bbox 1288 1212 1332 1247; x_wconf 87' lang='lat' dir='ltr'>et</span> <span class='ocrx_word' id='word_1_118' title='bbox 1354 1205 1536 1246; x_wconf 89' lang='lat' dir='ltr'>annales</span> <span class='ocrx_word' id='word_1_119' title='bbox 1558 1211 1806 1258; x_wconf 85' lang='lat' dir='ltr'>parentum,</span> <span class='ocrx_word' id='word_1_120' title='bbox 1862 1224 1870 1229; x_wconf 92' lang='lat'>-</span> <span class='ocrx_word' id='word_1_121' title='bbox 1906 1218 1908 1252; x_wconf 77' lang='grc' dir='ltr'>ι</span> 
     </span>
     <span class='ocr_line' id='line_1_16' title="bbox 321 1257 1908 1333; baseline -0.002 -16"><span class='ocrx_word' id='word_1_122' title='bbox 321 1283 364 1317; x_wconf 91' lang='lat' dir='ltr'>et</span> <span class='ocrx_word' id='word_1_123' title='bbox 396 1283 523 1317; x_wconf 89' lang='lat' dir='ltr'>actus</span> <span class='ocrx_word' id='word_1_124' title='bbox 553 1277 837 1330; x_wconf 87' lang='lat' dir='ltr'>antiquorum</span> <span class='ocrx_word' id='word_1_125' title='bbox 872 1284 1047 1331; x_wconf 89' lang='lat' dir='ltr'>patrum</span> <span class='ocrx_word' id='word_1_126' title='bbox 1081 1277 1264 1318; x_wconf 88' lang='lat' dir='ltr'>discute.</span> <span class='ocrx_word' id='word_1_127' title='bbox 1329 1276 1440 1316; x_wconf 91' lang='lat' dir='ltr'>Inde</span> <span class='ocrx_word' id='word_1_128' title='bbox 1472 1275 1636 1329; x_wconf 86' lang='lat' dir='ltr'>poteris</span> <span class='ocrx_word' id='word_1_129' title='bbox 1668 1273 1808 1315; x_wconf 88' lang='lat' dir='ltr'>multa</span> <span class='ocrx_word' id='word_1_130' title='bbox 1829 1257 1908 1333; x_wconf 47' lang='lat'><strong>1&#39;53}</strong></span> 
     </span>
     <span class='ocr_line' id='line_1_17' title="bbox 321 1328 1908 1401; baseline -0.001 -15"><span class='ocrx_word' id='word_1_131' title='bbox 321 1347 437 1387; x_wconf 86' lang='lat' dir='ltr'>bona</span> <span class='ocrx_word' id='word_1_132' title='bbox 453 1346 661 1401; x_wconf 85' lang='lat' dir='ltr'>exempla</span> <span class='ocrx_word' id='word_1_133' title='bbox 676 1347 921 1388; x_wconf 79' lang='lat' dir='ltr'>extrahere.</span> <span class='ocrx_word' id='word_1_134' title='bbox 967 1348 1104 1388; x_wconf 90' lang='lat' dir='ltr'>Facta</span> <span class='ocrx_word' id='word_1_135' title='bbox 1120 1347 1267 1388; x_wconf 92' lang='lat' dir='ltr'>omnia</span> <span class='ocrx_word' id='word_1_136' title='bbox 1282 1347 1491 1401; x_wconf 88' lang='lat' dir='ltr'>preterita</span> <span class='ocrx_word' id='word_1_137' title='bbox 1508 1345 1676 1386; x_wconf 90' lang='lat' dir='ltr'>dabunt</span> <span class='ocrx_word' id='word_1_138' title='bbox 1691 1349 1809 1384; x_wconf 88' lang='lat' dir='ltr'>certa</span> <span class='ocrx_word' id='word_1_139' title='bbox 1867 1385 1870 1387; x_wconf 79' lang='grc'><em>,</em></span> <span class='ocrx_word' id='word_1_140' title='bbox 1907 1328 1908 1337; x_wconf 30' lang='lat'>¹</span> 
     </span>
    </p>

    <p class='ocr_par' dir='ltr' id='par_1_12' title="bbox 31 1414 1810 1490">
     <span class='ocr_line' id='line_1_18' title="bbox 31 1414 1810 1490; baseline -0.001 -34"><span class='ocrx_word' id='word_1_141' title='bbox 31 1456 266 1490; x_wconf 40' lang='lat' dir='ltr'>Donotdespise</span> <span class='ocrx_word' id='word_1_142' title='bbox 320 1417 589 1457; x_wconf 90' lang='lat' dir='ltr'>documenta</span> <span class='ocrx_word' id='word_1_143' title='bbox 613 1418 653 1457; x_wconf 90' lang='lat' dir='ltr'>in</span> <span class='ocrx_word' id='word_1_144' title='bbox 677 1415 849 1459; x_wconf 86' lang='lat' dir='ltr'>futuris.</span> <span class='ocrx_word' id='word_1_145' title='bbox 913 1418 1133 1459; x_wconf 87' lang='lat' dir='ltr'>Minorem</span> <span class='ocrx_word' id='word_1_146' title='bbox 1157 1431 1210 1458; x_wconf 90' lang='lat' dir='ltr'>ne</span> <span class='ocrx_word' id='word_1_147' title='bbox 1229 1427 1532 1471; x_wconf 85' lang='lat' dir='ltr'>contempnas,</span> <span class='ocrx_word' id='word_1_148' title='bbox 1547 1415 1649 1469; x_wconf 88' lang='lat' dir='ltr'>quia</span> <span class='ocrx_word' id='word_1_149' title='bbox 1666 1414 1810 1455; x_wconf 89' lang='lat' dir='ltr'>minor</span> 
     </span>
    </p>

    <p class='ocr_par' dir='ltr' id='par_1_13' title="bbox 0 1479 1908 1558">
     <span class='ocr_line' id='line_1_19' title="bbox 0 1484 1908 1558; baseline -0.001 -32"><span class='ocrx_word' id='word_1_150' title='bbox 0 1498 2 1501; x_wconf 86' lang='lat'>·</span> <span class='ocrx_word' id='word_1_151' title='bbox 29 1492 78 1518; x_wconf 75' lang='lat' dir='ltr'>the</span> <span class='ocrx_word' id='word_1_152' title='bbox 92 1492 222 1518; x_wconf 75' lang='lat' dir='ltr'>humble:</span> <span class='ocrx_word' id='word_1_153' title='bbox 323 1493 366 1527; x_wconf 90' lang='lat' dir='ltr'>et</span> <span class='ocrx_word' id='word_1_154' title='bbox 389 1486 487 1526; x_wconf 87' lang='lat' dir='ltr'>vilis</span> <span class='ocrx_word' id='word_1_155' title='bbox 516 1488 692 1540; x_wconf 88' lang='lat' dir='ltr'>poterit,</span> <span class='ocrx_word' id='word_1_156' title='bbox 715 1488 827 1529; x_wconf 87' lang='lat' dir='ltr'>sicut</span> <span class='ocrx_word' id='word_1_157' title='bbox 859 1488 974 1530; x_wconf 84' lang='lat' dir='ltr'>solet</span> <span class='ocrx_word' id='word_1_158' title='bbox 1006 1489 1214 1539; x_wconf 87' lang='lat' dir='ltr'>accidere,</span> <span class='ocrx_word' id='word_1_159' title='bbox 1237 1489 1292 1529; x_wconf 90' lang='lat' dir='ltr'>ad</span> <span class='ocrx_word' id='word_1_160' title='bbox 1326 1488 1516 1528; x_wconf 80' lang='lat' dir='ltr'>honores</span> <span class='ocrx_word' id='word_1_161' title='bbox 1548 1492 1590 1527; x_wconf 87' lang='lat' dir='ltr'>et</span> <span class='ocrx_word' id='word_1_162' title='bbox 1625 1484 1808 1527; x_wconf 90' lang='lat' dir='ltr'>divicias</span> <span class='ocrx_word' id='word_1_163' title='bbox 1860 1504 1866 1509; x_wconf 90' lang='lat'><em>-</em></span> <span class='ocrx_word' id='word_1_164' title='bbox 1906 1498 1908 1558; x_wconf 52' lang='lat' dir='ltr'>j</span> 
     </span>
    </p>

    <p class='ocr_par' dir='ltr' id='par_1_14' title="bbox 30 1556 1779 1632">
     <span class='ocr_line' id='line_1_20' title="bbox 30 1556 1779 1632; baseline 0 -36"><span class='ocrx_word' id='word_1_165' title='bbox 30 1600 177 1632; x_wconf 50' lang='lat' dir='ltr'>theymy</span> <span class='ocrx_word' id='word_1_166' title='bbox 187 1599 302 1626; x_wconf 61' lang='lat' dir='ltr'>become</span> <span class='ocrx_word' id='word_1_167' title='bbox 324 1557 566 1610; x_wconf 86' lang='lat' dir='ltr'>pervenire,</span> <span class='ocrx_word' id='word_1_168' title='bbox 590 1564 634 1598; x_wconf 94' lang='lat' dir='ltr'>et</span> <span class='ocrx_word' id='word_1_169' title='bbox 657 1564 758 1599; x_wconf 91' lang='lat' dir='ltr'>tunc</span> <span class='ocrx_word' id='word_1_170' title='bbox 781 1559 861 1599; x_wconf 87' lang='lat' dir='ltr'>erit</span> <span class='ocrx_word' id='word_1_171' title='bbox 885 1558 1105 1600; x_wconf 86' lang='lat' dir='ltr'>valencior</span> <span class='ocrx_word' id='word_1_172' title='bbox 1127 1566 1169 1599; x_wconf 93' lang='lat' dir='ltr'>et</span> <span class='ocrx_word' id='word_1_173' title='bbox 1194 1559 1421 1613; x_wconf 88' lang='lat' dir='ltr'>potencior</span> <span class='ocrx_word' id='word_1_174' title='bbox 1442 1558 1498 1598; x_wconf 85' lang='lat' dir='ltr'>ad</span> <span class='ocrx_word' id='word_1_175' title='bbox 1521 1556 1779 1599; x_wconf 90' lang='lat' dir='ltr'>nocendum.</span> 
     </span>
    </p>

    <p class='ocr_par' dir='ltr' id='par_1_15' title="bbox 30 1625 1908 1685">
     <span class='ocr_line' id='line_1_21' title="bbox 30 1625 1908 1685; baseline -0.001 -17"><span class='ocrx_word' id='word_1_176' title='bbox 30 1634 177 1685; x_wconf 58' lang='lat' dir='ltr'>ppwerful-</span> <span class='ocrx_word' id='word_1_177' title='bbox 385 1625 424 1668; x_wconf 91' lang='lat' dir='ltr'>O</span> <span class='ocrx_word' id='word_1_178' title='bbox 442 1625 786 1668; x_wconf 87' lang='lat' dir='ltr'>clementissime</span> <span class='ocrx_word' id='word_1_179' title='bbox 805 1628 1064 1683; x_wconf 77' lang='lat' dir='ltr'>Imperator,</span> <span class='ocrx_word' id='word_1_180' title='bbox 1083 1643 1187 1670; x_wconf 87' lang='lat' dir='ltr'>cave</span> <span class='ocrx_word' id='word_1_181' title='bbox 1204 1642 1258 1669; x_wconf 93' lang='lat' dir='ltr'>ne</span> <span class='ocrx_word' id='word_1_182' title='bbox 1278 1628 1486 1683; x_wconf 86' lang='lat' dir='ltr'>infringas</span> <span class='ocrx_word' id='word_1_183' title='bbox 1504 1628 1654 1669; x_wconf 80' lang='lat' dir='ltr'>datam</span> <span class='ocrx_word' id='word_1_184' title='bbox 1674 1626 1808 1668; x_wconf 90' lang='lat' dir='ltr'>fidem</span> <span class='ocrx_word' id='word_1_185' title='bbox 1831 1643 1875 1666; x_wconf 65' lang='grc' dir='ltr'>πα</span> <span class='ocrx_word' id='word_1_186' title='bbox 1906 1658 1908 1662; x_wconf 32' lang='lat'><em>⁴</em></span> 
     </span>
    </p>

    <p class='ocr_par' dir='ltr' id='par_1_16' title="bbox 33 1678 1811 1824">
     <span class='ocr_line' id='line_1_22' title="bbox 33 1678 1811 1752; baseline 0.001 -15"><span class='ocrx_word' id='word_1_187' title='bbox 33 1678 117 1713; x_wconf 54' lang='lat' dir='ltr'><strong>keep</strong></span> <span class='ocrx_word' id='word_1_188' title='bbox 130 1678 211 1706; x_wconf 47' lang='grc' dir='ltr'>Μὴ</span> <span class='ocrx_word' id='word_1_189' title='bbox 325 1703 370 1738; x_wconf 91' lang='lat' dir='ltr'>et</span> <span class='ocrx_word' id='word_1_190' title='bbox 412 1695 558 1738; x_wconf 85' lang='lat' dir='ltr'>federa</span> <span class='ocrx_word' id='word_1_191' title='bbox 601 1711 681 1739; x_wconf 92' lang='lat' dir='ltr'>con</span> <span class='ocrx_word' id='word_1_192' title='bbox 691 1698 872 1748; x_wconf 81' lang='lat' dir='ltr'>firmata,</span> <span class='ocrx_word' id='word_1_193' title='bbox 915 1700 1123 1752; x_wconf 87' lang='lat' dir='ltr'>quoniam</span> <span class='ocrx_word' id='word_1_194' title='bbox 1168 1700 1250 1741; x_wconf 91' lang='lat' dir='ltr'>hoc</span> <span class='ocrx_word' id='word_1_195' title='bbox 1294 1699 1522 1751; x_wconf 10' lang='lat' dir='ltr'>convenit?</span> <span class='ocrx_word' id='word_1_196' title='bbox 1549 1697 1811 1746; x_wconf 86' lang='lat' dir='ltr'>infidelibus,</span> 
     </span>
     <span class='ocr_line' id='line_1_23' title="bbox 322 1765 1810 1824; baseline 0.001 -18"><span class='ocrx_word' id='word_1_197' title='bbox 322 1765 570 1819; x_wconf 86' lang='lat' dir='ltr'>juvenibus,</span> <span class='ocrx_word' id='word_1_198' title='bbox 591 1774 634 1808; x_wconf 92' lang='lat' dir='ltr'>et</span> <span class='ocrx_word' id='word_1_199' title='bbox 654 1768 969 1811; x_wconf 83' lang='lat' dir='ltr'>meretricibus.</span> <span class='ocrx_word' id='word_1_200' title='bbox 1021 1769 1158 1811; x_wconf 80' lang='lat' dir='ltr'>Serva</span> <span class='ocrx_word' id='word_1_201' title='bbox 1177 1769 1365 1811; x_wconf 88' lang='lat' dir='ltr'>fideliter</span> <span class='ocrx_word' id='word_1_202' title='bbox 1383 1769 1646 1824; x_wconf 85' lang='lat' dir='ltr'>promissam</span> <span class='ocrx_word' id='word_1_203' title='bbox 1661 1766 1810 1816; x_wconf 91' lang='lat' dir='ltr'>fidem,</span> 
     </span>
    </p>

    <p class='ocr_par' dir='ltr' id='par_1_17' title="bbox 34 1826 1887 1914">
     <span class='ocr_line' id='line_1_24' title="bbox 34 1826 1887 1914; baseline 0.001 -38"><span class='ocrx_word' id='word_1_204' title='bbox 34 1887 275 1914; x_wconf 58' lang='lat' dir='ltr'>Thebenefflsos</span> <span class='ocrx_word' id='word_1_205' title='bbox 326 1837 537 1890; x_wconf 86' lang='lat' dir='ltr'>quoniam</span> <span class='ocrx_word' id='word_1_206' title='bbox 562 1851 737 1878; x_wconf 88' lang='lat' dir='ltr'>omnem</span> <span class='ocrx_word' id='word_1_207' title='bbox 762 1838 1070 1880; x_wconf 85' lang='lat' dir='ltr'>infidelitatem</span> <span class='ocrx_word' id='word_1_208' title='bbox 1098 1841 1382 1893; x_wconf 84' lang='lat' dir='ltr'>consequitur</span> <span class='ocrx_word' id='word_1_209' title='bbox 1411 1839 1507 1880; x_wconf 86' lang='lat' dir='ltr'>finis</span> <span class='ocrx_word' id='word_1_210' title='bbox 1532 1838 1685 1880; x_wconf 88' lang='lat' dir='ltr'>malus.</span> <span class='ocrx_word' id='word_1_211' title='bbox 1751 1836 1811 1877; x_wconf 87' lang='lat' dir='ltr'>Et</span> <span class='ocrx_word' id='word_1_212' title='bbox 1868 1826 1887 1895; x_wconf 33' lang='grc' dir='ltr'>,ΪΙ</span> 
     </span>
    </p>

    <p class='ocr_par' dir='ltr' id='par_1_18' title="bbox 33 1906 1879 1982">
     <span class='ocr_line' id='line_1_25' title="bbox 33 1906 1879 1982; baseline 0.001 -35"><span class='ocrx_word' id='word_1_213' title='bbox 33 1920 256 1982; x_wconf 50' lang='lat' dir='ltr'>fflffiffeaking</span> <span class='ocrx_word' id='word_1_214' title='bbox 325 1907 360 1947; x_wconf 90' lang='lat' dir='ltr'>si</span> <span class='ocrx_word' id='word_1_215' title='bbox 379 1907 420 1947; x_wconf 91' lang='lat' dir='ltr'>in</span> <span class='ocrx_word' id='word_1_216' title='bbox 438 1906 584 1947; x_wconf 85' lang='lat' dir='ltr'>federa</span> <span class='ocrx_word' id='word_1_217' title='bbox 604 1906 834 1961; x_wconf 78' lang='lat' dir='ltr'>fringendo</span> <span class='ocrx_word' id='word_1_218' title='bbox 851 1909 1017 1963; x_wconf 86' lang='lat' dir='ltr'>aliquid</span> <span class='ocrx_word' id='word_1_219' title='bbox 1036 1910 1140 1950; x_wconf 91' lang='lat' dir='ltr'>boni</span> <span class='ocrx_word' id='word_1_220' title='bbox 1159 1910 1343 1960; x_wconf 74' lang='lat' dir='ltr'>eveniat,</span> <span class='ocrx_word' id='word_1_221' title='bbox 1357 1916 1506 1951; x_wconf 92' lang='lat' dir='ltr'>tamen</span> <span class='ocrx_word' id='word_1_222' title='bbox 1524 1909 1702 1963; x_wconf 90' lang='lat' dir='ltr'>quando</span> <span class='ocrx_word' id='word_1_223' title='bbox 1719 1907 1812 1962; x_wconf 88' lang='lat' dir='ltr'>ipsa</span> <span class='ocrx_word' id='word_1_224' title='bbox 1862 1925 1879 1970; x_wconf 54' lang='lat'>⁵.</span> 
     </span>
    </p>

    <p class='ocr_par' dir='ltr' id='par_1_19' title="bbox 153 1976 1887 2035">
     <span class='ocr_line' id='line_1_26' title="bbox 153 1976 1887 2035; baseline 0.003 -20"><span class='ocrx_word' id='word_1_225' title='bbox 153 1976 159 1982; x_wconf 89' lang='grc'><em>“</em></span> <span class='ocrx_word' id='word_1_226' title='bbox 324 1977 491 2030; x_wconf 88' lang='lat' dir='ltr'>species</span> <span class='ocrx_word' id='word_1_227' title='bbox 525 1977 641 2019; x_wconf 89' lang='lat' dir='ltr'>mala</span> <span class='ocrx_word' id='word_1_228' title='bbox 674 1986 753 2027; x_wconf 88' lang='lat' dir='ltr'>est,</span> <span class='ocrx_word' id='word_1_229' title='bbox 786 1980 1046 2035; x_wconf 85' lang='lat' dir='ltr'>exemplum</span> <span class='ocrx_word' id='word_1_230' title='bbox 1085 1981 1165 2022; x_wconf 87' lang='lat' dir='ltr'>erit</span> <span class='ocrx_word' id='word_1_231' title='bbox 1205 1980 1454 2034; x_wconf 86' lang='lat' dir='ltr'>reprobum,</span> <span class='ocrx_word' id='word_1_232' title='bbox 1489 1988 1532 2022; x_wconf 86' lang='lat' dir='ltr'>et</span> <span class='ocrx_word' id='word_1_233' title='bbox 1565 1980 1621 2021; x_wconf 90' lang='lat' dir='ltr'>de</span> <span class='ocrx_word' id='word_1_234' title='bbox 1653 1991 1812 2033; x_wconf 86' lang='lat' dir='ltr'>genere</span> <span class='ocrx_word' id='word_1_235' title='bbox 1834 1989 1887 2035; x_wconf 66' lang='lat'>²5³.</span> 
     </span>
    </p>

    <p class='ocr_par' dir='ltr' id='par_1_20' title="bbox 328 2045 559 2087">
     <span class='ocr_line' id='line_1_27' title="bbox 328 2045 559 2087; baseline -0.004 -1"><span class='ocrx_word' id='word_1_236' title='bbox 328 2045 559 2087; x_wconf 84' lang='lat' dir='ltr'>malorum.</span> 
     </span>
    </p>
   </div>
   <div class='ocr_carea' id='block_1_6' title="bbox 36 2145 1875 2479">
    <p class='ocr_par' dir='ltr' id='par_1_21' title="bbox 380 2145 1875 2202">
     <span class='ocr_line' id='line_1_28' title="bbox 380 2145 1875 2202; baseline 0.004 -20"><span class='ocrx_word' id='word_1_237' title='bbox 380 2146 390 2165; x_wconf 78' lang='lat'>¹</span> <span class='ocrx_word' id='word_1_238' title='bbox 425 2145 778 2186; x_wconf 78' lang='lat' dir='ltr'>Considerandum</span> <span class='ocrx_word' id='word_1_239' title='bbox 793 2150 978 2198; x_wconf 73' lang='lat' dir='ltr'>estquod</span> <span class='ocrx_word' id='word_1_240' title='bbox 995 2149 1220 2189; x_wconf 78' lang='lat' dir='ltr'>Aristotiles</span> <span class='ocrx_word' id='word_1_241' title='bbox 1242 2158 1280 2190; x_wconf 92' lang='lat' dir='ltr'>et</span> <span class='ocrx_word' id='word_1_242' title='bbox 1302 2150 1422 2190; x_wconf 86' lang='lat' dir='ltr'>ceteri</span> <span class='ocrx_word' id='word_1_243' title='bbox 1436 2150 1568 2202; x_wconf 89' lang='lat' dir='ltr'>magni</span> <span class='ocrx_word' id='word_1_244' title='bbox 1584 2148 1813 2202; x_wconf 86' lang='lat' dir='ltr'>philosophi</span> <span class='ocrx_word' id='word_1_245' title='bbox 1872 2156 1875 2158; x_wconf 84' lang='lat'>&#39;</span> 
     </span>
    </p>

    <p class='ocr_par' dir='ltr' id='par_1_22' title="bbox 325 2200 1813 2260">
     <span class='ocr_line' id='line_1_29' title="bbox 325 2200 1813 2260; baseline 0.005 -23"><span class='ocrx_word' id='word_1_246' title='bbox 325 2200 504 2260; x_wconf 74' lang='lat' dir='ltr'>legerunt</span> <span class='ocrx_word' id='word_1_247' title='bbox 526 2202 653 2240; x_wconf 85' lang='lat' dir='ltr'>Vetus</span> <span class='ocrx_word' id='word_1_248' title='bbox 681 2203 987 2242; x_wconf 85' lang='lat' dir='ltr'>Testamentum</span> <span class='ocrx_word' id='word_1_249' title='bbox 1009 2212 1051 2243; x_wconf 86' lang='lat' dir='ltr'>et</span> <span class='ocrx_word' id='word_1_250' title='bbox 1069 2205 1201 2244; x_wconf 87' lang='lat' dir='ltr'>edocti</span> <span class='ocrx_word' id='word_1_251' title='bbox 1226 2213 1318 2244; x_wconf 90' lang='lat' dir='ltr'>sunt</span> <span class='ocrx_word' id='word_1_252' title='bbox 1339 2220 1361 2245; x_wconf 84' lang='lat' dir='ltr'>a</span> <span class='ocrx_word' id='word_1_253' title='bbox 1385 2205 1590 2257; x_wconf 88' lang='lat' dir='ltr'>prophetis</span> <span class='ocrx_word' id='word_1_254' title='bbox 1614 2214 1652 2245; x_wconf 91' lang='lat' dir='ltr'>et</span> <span class='ocrx_word' id='word_1_255' title='bbox 1673 2206 1813 2245; x_wconf 84' lang='lat' dir='ltr'>ceteris</span> 
     </span>
    </p>

    <p class='ocr_par' dir='ltr' id='par_1_23' title="bbox 36 2254 1874 2424">
     <span class='ocr_line' id='line_1_30' title="bbox 36 2254 1813 2322; baseline 0.005 -32"><span class='ocrx_word' id='word_1_256' title='bbox 36 2262 212 2322; x_wconf 42' lang='lat' dir='ltr'>&#39;tiffefourffie</span> <span class='ocrx_word' id='word_1_257' title='bbox 226 2260 262 2299; x_wconf 59' lang='lat' dir='ltr'>of,</span> <span class='ocrx_word' id='word_1_258' title='bbox 327 2254 576 2304; x_wconf 77' lang='lat' dir='ltr'>saplentlbus</span> <span class='ocrx_word' id='word_1_259' title='bbox 608 2256 810 2305; x_wconf 75' lang='lat' dir='ltr'>Hebrei83</span> <span class='ocrx_word' id='word_1_260' title='bbox 844 2267 882 2297; x_wconf 93' lang='lat' dir='ltr'>et</span> <span class='ocrx_word' id='word_1_261' title='bbox 903 2260 980 2298; x_wconf 86' lang='lat' dir='ltr'>hoc</span> <span class='ocrx_word' id='word_1_262' title='bbox 1001 2259 1098 2299; x_wconf 88' lang='lat' dir='ltr'>dicit</span> <span class='ocrx_word' id='word_1_263' title='bbox 1120 2261 1344 2300; x_wconf 76' lang='lat' dir='ltr'>Aristotiles</span> <span class='ocrx_word' id='word_1_264' title='bbox 1375 2269 1526 2312; x_wconf 87' lang='lat' dir='ltr'>postea.</span> <span class='ocrx_word' id='word_1_265' title='bbox 1586 2263 1709 2302; x_wconf 89' lang='lat' dir='ltr'>Unde</span> <span class='ocrx_word' id='word_1_266' title='bbox 1731 2273 1813 2299; x_wconf 89' lang='lat' dir='ltr'>non</span> 
     </span>
     <span class='ocr_line' id='line_1_31' title="bbox 36 2303 1874 2370; baseline 0.007 -25"><span class='ocrx_word' id='word_1_267' title='bbox 36 2303 284 2356; x_wconf 54' lang='grc' dir='ltr'>ὼξΟἳῗΤῖζζῗᾸῨ</span> <span class='ocrx_word' id='word_1_268' title='bbox 328 2316 387 2369; x_wconf 78' lang='lat' dir='ltr'>est</span> <span class='ocrx_word' id='word_1_269' title='bbox 422 2308 566 2370; x_wconf 84' lang='lat' dir='ltr'>mirum</span> <span class='ocrx_word' id='word_1_270' title='bbox 601 2313 711 2361; x_wconf 84' lang='lat' dir='ltr'>quod</span> <span class='ocrx_word' id='word_1_271' title='bbox 742 2312 807 2351; x_wconf 88' lang='lat' dir='ltr'>hic</span> <span class='ocrx_word' id='word_1_272' title='bbox 833 2313 978 2364; x_wconf 86' lang='lat' dir='ltr'>accipit</span> <span class='ocrx_word' id='word_1_273' title='bbox 1010 2316 1288 2354; x_wconf 83' lang='lat' dir='ltr'>auctoritatem</span> <span class='ocrx_word' id='word_1_274' title='bbox 1318 2316 1442 2356; x_wconf 84' lang='lat' dir='ltr'>-Ysaie</span> <span class='ocrx_word' id='word_1_275' title='bbox 1476 2325 1514 2356; x_wconf 88' lang='lat' dir='ltr'>et</span> <span class='ocrx_word' id='word_1_276' title='bbox 1543 2316 1638 2356; x_wconf 90' lang='lat' dir='ltr'>alibi</span> <span class='ocrx_word' id='word_1_277' title='bbox 1664 2316 1704 2354; x_wconf 92' lang='lat' dir='ltr'>in</span> <span class='ocrx_word' id='word_1_278' title='bbox 1737 2317 1813 2355; x_wconf 89' lang='lat' dir='ltr'>hoc</span> <span class='ocrx_word' id='word_1_279' title='bbox 1834 2334 1874 2366; x_wconf 80' lang='lat'>30</span> 
     </span>
     <span class='ocr_line' id='line_1_32' title="bbox 37 2364 1865 2424; baseline 0.006 -25"><span class='ocrx_word' id='word_1_280' title='bbox 37 2370 122 2408; x_wconf 57' lang='lat' dir='ltr'>”lem-</span> <span class='ocrx_word' id='word_1_281' title='bbox 328 2364 442 2424; x_wconf 67' lang='lat' dir='ltr'>horo,</span> <span class='ocrx_word' id='word_1_282' title='bbox 475 2373 512 2403; x_wconf 91' lang='lat' dir='ltr'>et</span> <span class='ocrx_word' id='word_1_283' title='bbox 542 2379 582 2403; x_wconf 92' lang='lat' dir='ltr'>1n</span> <span class='ocrx_word' id='word_1_284' title='bbox 614 2368 753 2405; x_wconf 83' lang='lat' dir='ltr'>m&#39;orali</span> <span class='ocrx_word' id='word_1_285' title='bbox 784 2368 1038 2420; x_wconf 86' lang='lat' dir='ltr'>philosophia</span> <span class='ocrx_word' id='word_1_286' title='bbox 1064 2370 1219 2422; x_wconf 77' lang='lat' dir='ltr'>accepit</span> <span class='ocrx_word' id='word_1_287' title='bbox 1249 2373 1493 2411; x_wconf 88' lang='lat' dir='ltr'>documenta</span> <span class='ocrx_word' id='word_1_288' title='bbox 1523 2371 1748 2412; x_wconf 87' lang='lat' dir='ltr'>Salomonis</span> <span class='ocrx_word' id='word_1_289' title='bbox 1775 2378 1813 2410; x_wconf 89' lang='lat' dir='ltr'>et</span> <span class='ocrx_word' id='word_1_290' title='bbox 1863 2367 1865 2370; x_wconf 42' lang='lat'><em>⁴</em></span> 
     </span>
    </p>

    <p class='ocr_par' dir='ltr' id='par_1_24' title="bbox 327 2420 1813 2479">
     <span class='ocr_line' id='line_1_33' title="bbox 327 2420 1813 2479; baseline 0.005 -22"><span class='ocrx_word' id='word_1_291' title='bbox 327 2420 508 2459; x_wconf 80' lang='lat' dir='ltr'>aliorum,</span> <span class='ocrx_word' id='word_1_292' title='bbox 568 2420 632 2459; x_wconf 87' lang='lat' dir='ltr'>Sic</span> <span class='ocrx_word' id='word_1_293' title='bbox 667 2423 775 2460; x_wconf 88' lang='lat' dir='ltr'>enim</span> <span class='ocrx_word' id='word_1_294' title='bbox 803 2424 916 2463; x_wconf 85' lang='lat' dir='ltr'>Plato</span> <span class='ocrx_word' id='word_1_295' title='bbox 945 2438 1039 2464; x_wconf 88' lang='lat' dir='ltr'>usus</span> <span class='ocrx_word' id='word_1_296' title='bbox 1079 2434 1138 2464; x_wconf 77' lang='lat' dir='ltr'>est</span> <span class='ocrx_word' id='word_1_297' title='bbox 1177 2426 1244 2465; x_wconf 86' lang='lat' dir='ltr'>illo</span> <span class='ocrx_word' id='word_1_298' title='bbox 1274 2428 1434 2466; x_wconf 82' lang='lat' dir='ltr'>Exodi:</span> <span class='ocrx_word' id='word_1_299' title='bbox 1482 2429 1602 2479; x_wconf 82' lang='lat' dir='ltr'>‘Ego‘</span> <span class='ocrx_word' id='word_1_300' title='bbox 1624 2440 1711 2466; x_wconf 72' lang='lat' dir='ltr'>sum</span> <span class='ocrx_word' id='word_1_301' title='bbox 1745 2425 1813 2477; x_wconf 84' lang='lat' dir='ltr'>qui</span> 
     </span>
    </p>
   </div>
   <div class='ocr_carea' id='block_1_7' title="bbox 327 2475 1814 2580">
    <p class='ocr_par' dir='ltr' id='par_1_25' title="bbox 327 2475 1814 2580">
     <span class='ocr_line' id='line_1_34' title="bbox 327 2475 1814 2568; baseline 0.005 -56"><span class='ocrx_word' id='word_1_302' title='bbox 327 2475 464 2568; x_wconf 59' lang='lat' dir='ltr'>{um3t&#39;</span> <span class='ocrx_word' id='word_1_303' title='bbox 509 2484 547 2514; x_wconf 90' lang='lat' dir='ltr'>et</span> <span class='ocrx_word' id='word_1_304' title='bbox 596 2477 805 2516; x_wconf 78' lang='lat' dir='ltr'>Avicenna</span> <span class='ocrx_word' id='word_1_305' title='bbox 852 2478 892 2517; x_wconf 92' lang='lat' dir='ltr'>in</span> <span class='ocrx_word' id='word_1_306' title='bbox 932 2494 1006 2519; x_wconf 89' lang='lat'><em>.10.</em></span> <span class='ocrx_word' id='word_1_307' title='bbox 1048 2481 1328 2532; x_wconf 66' lang='lat' dir='ltr'>Methapln&#39;sz&#39;ce</span> <span class='ocrx_word' id='word_1_308' title='bbox 1369 2483 1523 2533; x_wconf 86' lang='lat' dir='ltr'>accepit</span> <span class='ocrx_word' id='word_1_309' title='bbox 1559 2483 1814 2521; x_wconf 81' lang='lat' dir='ltr'>auctoritates</span> 
     </span>
     <span class='ocr_line' id='line_1_35' title="bbox 357 2542 540 2580; baseline 0.005 -13"><span class='ocrx_word' id='word_1_310' title='bbox 357 2542 439 2580; x_wconf 81' lang='lat' dir='ltr'>erip</span> <span class='ocrx_word' id='word_1_311' title='bbox 461 2543 540 2569; x_wconf 89' lang='lat' dir='ltr'>ure.</span> 
     </span>
    </p>
   </div>
   <div class='ocr_carea' id='block_1_8' title="bbox 328 2600 449 2604">
    <p class='ocr_par' dir='ltr' id='par_1_26' title="bbox 328 2600 449 2604">
     <span class='ocr_line' id='line_1_36' title="bbox 328 2600 449 2604; baseline 0 0"><span class='ocrx_word' id='word_1_312' title='bbox 328 2600 449 2604; x_wconf 95' lang='lat' dir='ltr'> </span> 
     </span>
    </p>
   </div>
   <div class='ocr_carea' id='block_1_9' title="bbox 328 2631 1904 2727">
    <p class='ocr_par' dir='ltr' id='par_1_27' title="bbox 328 2631 1904 2727">
     <span class='ocr_line' id='line_1_37' title="bbox 373 2631 1904 2678; baseline 0.004 -16"><span class='ocrx_word' id='word_1_313' title='bbox 373 2642 415 2662; x_wconf 87' lang='lat'>20</span> <span class='ocrx_word' id='word_1_314' title='bbox 438 2631 592 2672; x_wconf 86' lang='lat' dir='ltr'>Chapter</span> <span class='ocrx_word' id='word_1_315' title='bbox 607 2634 701 2666; x_wconf 79' lang='lat' dir='ltr'>xxvi.</span> <span class='ocrx_word' id='word_1_316' title='bbox 722 2634 758 2665; x_wconf 80' lang='lat' dir='ltr'>V.</span> <span class='ocrx_word' id='word_1_317' title='bbox 834 2645 877 2674; x_wconf 82' lang='lat'>30</span> <span class='ocrx_word' id='word_1_318' title='bbox 902 2635 976 2666; x_wconf 86' lang='lat' dir='ltr'>The</span> <span class='ocrx_word' id='word_1_319' title='bbox 995 2636 1171 2668; x_wconf 76' lang='lat' dir='ltr'>reference</span> <span class='ocrx_word' id='word_1_320' title='bbox 1190 2638 1218 2668; x_wconf 87' lang='lat' dir='ltr'>is</span> <span class='ocrx_word' id='word_1_321' title='bbox 1238 2637 1328 2670; x_wconf 81' lang='lat' dir='ltr'>tols.</span> <span class='ocrx_word' id='word_1_322' title='bbox 1346 2638 1403 2670; x_wconf 83' lang='lat' dir='ltr'>lix.</span> <span class='ocrx_word' id='word_1_323' title='bbox 1422 2639 1471 2678; x_wconf 87' lang='lat'>18,</span> <span class='ocrx_word' id='word_1_324' title='bbox 1487 2638 1546 2668; x_wconf 85' lang='lat' dir='ltr'>but</span> <span class='ocrx_word' id='word_1_325' title='bbox 1565 2638 1623 2670; x_wconf 82' lang='lat' dir='ltr'>the</span> <span class='ocrx_word' id='word_1_326' title='bbox 1636 2637 1812 2677; x_wconf 84' lang='lat' dir='ltr'>quotation</span> <span class='ocrx_word' id='word_1_327' title='bbox 1847 2662 1854 2668; x_wconf 92' lang='lat'>.</span> <span class='ocrx_word' id='word_1_328' title='bbox 1894 2667 1904 2677; x_wconf 71' lang='lat'>,</span> 
     </span>
     <span class='ocr_line' id='line_1_38' title="bbox 328 2685 730 2727; baseline 0.01 -12"><span class='ocrx_word' id='word_1_329' title='bbox 328 2685 357 2717; x_wconf 91' lang='lat' dir='ltr'>is</span> <span class='ocrx_word' id='word_1_330' title='bbox 375 2685 459 2716; x_wconf 85' lang='lat' dir='ltr'>from</span> <span class='ocrx_word' id='word_1_331' title='bbox 480 2685 580 2717; x_wconf 87' lang='lat' dir='ltr'>Rom.</span> <span class='ocrx_word' id='word_1_332' title='bbox 600 2686 658 2718; x_wconf 81' lang='lat' dir='ltr'>xii.</span> <span class='ocrx_word' id='word_1_333' title='bbox 682 2697 730 2727; x_wconf 89' lang='lat'>19.</span> 
     </span>
    </p>
   </div>
   <div class='ocr_carea' id='block_1_10' title="bbox 412 2744 562 2746">
    <p class='ocr_par' dir='ltr' id='par_1_28' title="bbox 412 2744 562 2746">
     <span class='ocr_line' id='line_1_39' title="bbox 412 2744 562 2746; baseline 0 0"><span class='ocrx_word' id='word_1_334' title='bbox 412 2744 562 2746; x_wconf 95' lang='lat' dir='ltr'> </span> 
     </span>
    </p>
   </div>
   <div class='ocr_carea' id='block_1_11' title="bbox 569 2745 686 2747">
    <p class='ocr_par' dir='ltr' id='par_1_29' title="bbox 569 2745 686 2747">
     <span class='ocr_line' id='line_1_40' title="bbox 569 2745 686 2747; baseline 0 0"><span class='ocrx_word' id='word_1_335' title='bbox 569 2745 686 2747; x_wconf 95' lang='lat' dir='ltr'> </span> 
     </span>
    </p>
   </div>
   <div class='ocr_carea' id='block_1_12' title="bbox 375 2771 883 2813">
    <p class='ocr_par' dir='ltr' id='par_1_30' title="bbox 375 2771 883 2813">
     <span class='ocr_line' id='line_1_41' title="bbox 375 2771 883 2813; baseline 0.01 -11"><span class='ocrx_word' id='word_1_336' title='bbox 375 2781 395 2810; x_wconf 87' lang='grc'>3</span> <span class='ocrx_word' id='word_1_337' title='bbox 422 2771 597 2813; x_wconf 84' lang='lat' dir='ltr'>Perimite]</span> <span class='ocrx_word' id='word_1_338' title='bbox 625 2773 790 2805; x_wconf 83' lang='lat' dir='ltr'>Permitte</span> <span class='ocrx_word' id='word_1_339' title='bbox 810 2775 883 2808; x_wconf 80' lang='lat' dir='ltr'>MS.</span> 
     </span>
    </p>
   </div>
  </div>
 </body>
</html>
