1908 3126
26 246 121 279 Kiugs
134 256 181 273 are

24 280 138 307 likened
152 286 181 307 to
195 280 242 307 the

25 314 109 342 wind.

24 359 86 386 The
100 359 232 386 bounties
245 360 277 386 os

25 394 72 420 the
86 394 187 421 wincls,

26 585 88 612 The
101 586 171 612 evils
185 586 254 619 they

25 628 120 647 cause.

207 798 249 840 46
266 799 297 830 b.

27 999 91 1026 God
104 999 200 1026 order>
214 1000 262 1026 the

26 1042 124 1060 course
137 1033 169 1060 os
180 1033 226 1060 the

27 1067 117 1094 winds

27 1264 76 1286 out
90 1259 122 1286 of
133 1258 188 1284 His

27 1302 130 1326 mercy.

28 1355 121 1389 Kings
134 1365 181 1382 are

26 1390 141 1417 likened
155 1396 184 1417 to

26 1434 149 1451 summer
163 1425 220 1450 and

27 1458 127 1486 winter

28 1663 123 1689 whose
136 1662 229 1689 incon-

27 1698 179 1723 veniences
194 1705 242 1722 are

28 1731 106 1758 often
121 1731 226 1763 lasting

28 1766 148 1792 benefits
162 1765 189 1792 in
205 1764 260 1792 dis-

28 1800 118 1833 guise.

210 1850 250 1884 47
269 1853 298 1874 a·

32 2191 110 2224 Help
123 2191 159 2216 all
176 2191 256 2217 those

31 2225 59 2251 in
73 2225 127 2252 evil
142 2234 216 2252 case.

32 2374 128 2400 Bacon
143 2374 284 2401 instance

31 2409 79 2434 the
91 2409 119 2435 S.
131 2408 221 2436 winds
230 2408 301 2436 from

31 2442 138 2474 Africa,
153 2444 204 2471 &a

1031 120 1088 166 54

315 229 437 270 Deus
470 228 672 271 excelsus
701 227 868 270 emittit
899 234 943 268 et
975 227 1180 269 extendit
1210 225 1268 268 'de
1295 226 1504 267 thesauro
1532 238 1608 284 sue
1635 224 1799 265 miseri-

314 298 474 350 cordie,
517 305 560 340 et
603 312 681 352 per
722 298 841 353 ipsos
884 297 1031 339 educit
1072 297 1250 344 nubem,
1287 302 1331 338 et
1373 301 1574 342 crescunt
1615 299 1801 348 segeteS,

314 368 524 410 arborum
559 367 723 410 fructus
757 374 1035 409 maturantur
1067 373 1111 408 et
1146 372 1373 407 resumunt
1406 366 1518 407 vires
1542 378 1653 406 cum
1685 377 1801 418 aqua

314 439 567 480 desiderata
609 438 828 493 recipitur,
865 437 937 478 via
978 436 1288 490 navigantibus
1330 435 1538 490 aperitur,
1573 442 1615 476 et
1640 433 1801 484 ¹multa

314 508 399 550 alia
442 508 559 549 bona
600 513 819 549 secuntur.
904 507 978 547 Ex
1021 507 1164 547 ventis
1205 513 1355 547 tamen
1397 505 1716 559 impedimenta
1756 509 1839 550 ets

316 579 489 620 diversa
531 577 727 630 pericula
770 576 1023 626 inferuntur,
1061 584 1154 618 tarn
1193 577 1234 617 in
1274 577 1383 617 mari
1421 589 1555 630 quam
1594 575 1636 615 in
1672 580 1800 624 terra,

316 648 492 690 dolores
515 647 789 689 extrinsecos
816 648 872 689 ad
899 647 1106 689 interiora
1138 647 1340 688 cordium
1375 647 1599 696 inducunt,
1622 644 1802 686 divicias

316 718 549 759 hominum
594 718 635 758 in
678 717 882 772 procellis
925 717 1143 770 dissipant
1183 723 1228 758 et
1278 716 1554 770 dispergunt,
1600 729 1679 770 per
1726 727 1802 756 eos

318 786 619 842 coruplciones
641 788 754 829 aeris
780 793 1055 842 generantur,
1078 800 1248 828 venena
1278 785 1503 828 mortifera
1525 783 1800 827 nutriuntur1

317 866 360 900 et
394 857 534 899 multa
565 857 652 899 alia
687 857 1040 898 inconveniencia
1077 862 1382 899 consecuntur.
1447 856 1508 898 Et
1539 861 1691 896 tamen
1723 855 1815 895 im·-

1826 872 1866 896 10

315 928 492 982 plorant
515 927 740 970 inferiores
763 934 958 969 creature
982 926 1267 968 clemenciam
1287 926 1508 968 Creatoris
1527 931 1574 967 ut
1596 924 1725 966 tollat
1747 925 1803 966 ab
1849 972 1859 980 .

316 999 378 1040 eis
412 999 497 1040 ista
529 998 656 1039 mala.
723 998 824 1052 Ipse
857 996 1168 1038 nichilominus
1190 1003 1345 1039 ventos
1375 997 1593 1038 deducere
1615 995 1803 1037 sustinet

317 1082 493 1110 cursum
529 1083 655 1110 suum
700 1068 885 1110 retinere
924 1075 968 1110 et
1005 1068 1203 1109 ordinem
1238 1081 1368 1121 quem
1402 1066 1558 1108 statuit
1592 1066 1666 1115 eis,
1699 1065 1805 1119 quia

316 1146 475 1180 cuncta
513 1153 591 1180 sua
628 1138 851 1193 sapiencia
888 1138 1035 1192 equali
1073 1138 1270 1192 pondere
1307 1144 1351 1179 et
1387 1144 1509 1180 certo
1541 1150 1727 1177 numero
1759 1143 1804 1178 et

316 1209 471 1250 ordine
485 1209 723 1250 destinavit
741 1214 785 1249 et
802 1208 957 1249 statuit
980 1209 1113 1248 servis
1135 1208 1222 1249 suis
1240 1221 1292 1249 ea
1310 1214 1356 1248 ut
1375 1207 1581 1250 serviant.
1646 1206 1706 1247 Et
1720 1205 1805 1248 hoc

317 1279 454 1320 exivit
477 1292 534 1319 ex
558 1279 773 1320 immensa
795 1293 873 1320 sua
896 1277 1194 1319 misericordia
1215 1284 1257 1319 et
1281 1278 1559 1319 inenarrabili
1594 1276 1803 1318 bonitate.

379 1348 474 1389 Hec
508 1349 726 1402 siquidem
761 1347 975 1402 parabola
1005 1355 1070 1389 est
1102 1348 1145 1388 in
1175 1348 1339 1401 hyeme
1362 1355 1406 1389 et
1429 1354 1571 1389 estate
1593 1347 1803 1402 quoniam

319 1418 478 1471 frigora
511 1426 556 1460 et
589 1418 756 1460 calores
788 1431 962 1458 summa
995 1418 1282 1472 providencia
1305 1417 1616 1459 inevitabiliter
1647 1424 1691 1459 et
1724 1417 1804 1458 im-

1827 1222 1864 1257 Ι5

321 1488 594 1529 mutabiliter
626 1488 840 1530 stabilivit
873 1488 929 1530 ad
968 1489 1305 1542 generacionem
1344 1488 1723 1542 propagacionem
1760 1494 1804 1528 et
1863 1515 1866 1518 «

317 1558 646 1599 durabilitatem
691 1572 834 1599 rerum
885 1558 1194 1612 temporalium
1238 1566 1280 1600 et
1323 1557 1603 1600 naturalium.
1688 1557 1803 1599 Cum

1826 1573 1866 1598 20

316 1634 466 1669 tamen
501 1628 640 1669 multa
672 1622 1029 1670 inconveniencia
1060 1635 1102 1669 et
1136 1629 1329 1683 pericula
1365 1627 1568 1670 mortalia
1596 1628 1834 1670 eveniunt>

318 1711 376 1739 ex
409 1697 569 1752 frigore
602 1698 773 1752 hyemis
808 1705 850 1739 et
882 1697 1026 1740 calore
1056 1700 1223 1747 estatis,
1246 1699 1306 1740 sic
1338 1705 1381 1740 et
1411 1699 1572 1740 accidit
1602 1699 1643 1739 in
1673 1711 1803 1754 rege;

321 1768 459 1809 multa
492 1768 713 1822 siquidem
753 1768 895 1810 solent
934 1769 990 1809 ab
1024 1769 1120 1822 ipso
1153 1770 1345 1811 comoda
1378 1769 1609 1824 provenire
1643 1775 1685 1810 et
1719 1782 1805 1823 que

319 1839 406 1878 suis
428 1838 617 1879 subditis
640 1839 888 1891 displicent,
911 1845 954 1880 et
983 1838 1169 1880 moleste
1193 1839 1387 1880 feruntur
1414 1839 1417 1892 l
1448 1852 1547 1880 cum
1581 1844 1730 1880 tamen
1763 1839 1806 1879 in

319 1907 380 1948 eis
405 1909 601 1950 maxima
624 1909 791 1950 utilitas
815 1908 1111 1950 immineatur.

382 2009 633 2064 Capilnlmn
668 2023 749 2063 .17.
783 2011 835 2052 de
865 2011 1142 2053 subvenciom’
1172 2026 1403 2069 egenorum
1434 2019 1476 2053 et
1508 2012 1626 2065 regis
1652 2014 1804 2067 provi-

317 2080 470 2122 denaia
490 2089 645 2122 contra
654 2082 830 2135 famem
842 2083 1072 2136 suturam.

473 2166 750 2218 Alexander,
785 2169 947 2224 indaga
985 2171 1041 2211 de
1076 2170 1223 2224 inopia
1263 2176 1306 2210 et
1339 2171 1600 2212 necessitate
1630 2172 1805 2214 misera-

448 2237 600 2278 bilium
631 2251 914 2292 personarum
944 2246 987 2280 et
1017 2239 1254 2289 debilium;
1293 2240 1476 2281 subveni
1507 2241 1806 2295 indigentibus

1826 1886 1908 1956 25ἰ

374 2339 386 2359 ¹
418 2341 509 2379 Sive
541 2340 751 2379 mittuntur
789 2342 840 2380 de
880 2341 1106 2392 regionibus
1144 2342 1349 2382 venenatis
1383 2356 1452 2393 per
1481 2343 1805 2383 habundanciam
1825 2354 1866 2389 3⁰

320 2394 552 2433 animalium
589 2409 895 2444 venenosorum,
918 2396 1019 2435 sicut
1050 2410 1144 2447 sepe
1173 2397 1319 2436 accidit
1349 2399 1459 2448 quod
1489 2411 1536 2438 ex
1557 2398 1705 2438 Affrica
1738 2412 1808 2451 per

318 2456 459 2488 ventos
474 2450 671 2500 deportati
688 2459 780 2490 sunt
794 2452 975 2501 pulveres
987 2451 1219 2490 animalium
1235 2466 1527 2492 venenosorum
1540 2455 1622 2504 jam
1635 2462 1807 2493 mortuo·

320 2517 406 2542 rum
426 2506 478 2543 ad
500 2506 680 2556 regiones
702 2507 797 2545 citra
820 2519 938 2554 mare,
961 2514 999 2546 et
1030 2506 1209 2546 similiter
1230 2521 1395 2558 vapores
1414 2508 1606 2547 venenosi
1623 2508 1808 2560 multipli-

321 2558 397 2597 cati
421 2560 473 2598 ab
500 2559 741 2600 animalibus
763 2562 859 2599 vivis
880 2563 1103 2609 venenosis,
1127 2561 1240 2601 sicud
1262 2562 1449 2614 Virgilius
1471 2568 1514 2613 3⁰
1537 2564 1805 2613 Georgicomm

321 2621 359 2651 et
395 2614 552 2652 Servius
586 2614 749 2663 ibidem,
783 2623 822 2655 et
858 2616 1010 2655 Plinius
1039 2624 1078 2656 et
1115 2618 1293 2656 Historie
1333 2617 1510 2656 scribunt
1537 2618 1807 2669 multipliciter
1825 2629 1870 2666 35
1906 2641 1908 2665 ι

320 2667 545 2718 contigisse

368 2762 410 2791 26
435 2761 589 2802 Chapter
606 2763 702 2794 xxiii.
725 2764 762 2795 l'.
