1908 3126
776 69 854 108 161

75 182 152 224 tibi
186 181 241 222 de
275 180 468 222 essencia
503 180 594 221 sive
631 180 885 223 substancia
923 182 1135 237 lapidum,
1172 190 1216 226 et
1251 185 1357 239 quid
1401 185 1551 239 recipit
1571 200 1810 233 Anysubstance,

75 249 303 306 quodlibet
349 250 532 290 istorum
581 262 607 290 a
655 250 853 303 quolibet
895 252 1084 304 planeta,
1128 260 1170 294 et
1213 255 1318 307 quid
1366 255 1550 307 quilibet
1570 234 1830 302 iffsssszlffieffaffise,

74 321 249 375 planeta
272 318 314 358 in
337 318 441 371 ipsis
463 318 609 368 habet,
634 326 677 360 et
700 319 734 359 si
765 320 950 372 quilibet
973 321 1150 375 planeta
1180 322 1343 365 habeat
1373 324 1550 376 partici-

74 389 301 445 pacionem
324 387 620 442 quarumlibet
642 389 902 442 ymaginum
933 389 1216 443 lapidearum,
1239 398 1283 433 et
1312 393 1416 446 quid
1445 393 1550 433 reci-

38 481 55 513 5
75 459 140 512 pit
160 457 356 512 quelibet
382 457 567 497 istorum
596 457 638 497 in
671 458 1017 511 participacione
1043 460 1086 500 in
1115 460 1313 513 qualibet
1342 462 1551 515 ymagine

73 527 346 582 lapidearum
377 531 421 567 et
445 525 762 578 vegetabilium
798 534 840 568 et
873 528 1167 580 originalium,
1199 536 1242 570 et
1277 530 1318 570 in
1350 531 1551 583 quolibet

74 597 272 638 membro
309 610 368 636 ex
406 594 614 635 membris
651 595 755 645 suis,
788 608 963 637 necesse
997 603 1063 638 est
1096 599 1216 650 quod
1247 600 1478 652 agregacio
1507 606 1550 640 et

74 666 334 708 universitas
359 664 626 707 attribuatur
655 671 697 705 et
730 665 949 718 pertineat
984 668 1121 720 magis
1151 668 1398 709 dominanti
1421 683 1551 722 super

74 750 158 778 eas.
197 735 323 777 Sicut
339 735 474 775 homo
491 735 567 787 qui
586 735 777 787 pertinet
795 736 849 775 ad
869 734 1018 776 Solem
1033 736 1073 776 in
1093 738 1293 778 universo
1309 739 1548 779 secundum
1567 766 1598 784 ὃς
1613 767 1688 790 man,

19 825 56 848 10
76 805 370 860 majoritatem
399 812 443 847 et
473 805 772 858 pluralitatem
805 800 810 858 Ι
837 811 903 845 est
925 806 1154 847 distinccio
1189 807 1298 859 (sive
1324 808 1547 861 diffinicio)
1571 829 1628 851 122
1649 832 1679 852 a.

72 877 292 930 pertinens
305 876 362 916 ad
378 874 544 917 Solem.
581 874 640 915 Et
655 874 856 916 similiter
870 875 1080 929 originale
1094 877 1349 917 attribuitur
1362 877 1546 917 Homini

72 948 164 1000 (seu
179 942 479 1000 comparatur)
494 944 693 985 universo
710 950 754 984 et
777 944 1008 999 plumbum
1032 946 1203 999 nigrum
1227 947 1281 986 ad
1306 945 1544 987 Saturnum
1565 973 1595 990 or
1610 964 1776 996 uackieaa

72 1016 315 1058 secundum
357 1015 629 1056 divisionem.
706 1014 880 1054 Deinde
916 1014 1115 1056 similiter
1149 1016 1346 1068 quelibet
1382 1030 1545 1070 ymago

73 1092 118 1128 et
140 1085 371 1139 quodlibet
391 1085 582 1138 (signum
599 1083 685 1137 vel)
703 1084 948 1124 membrum
965 1085 1007 1124 in
1025 1084 1232 1126 membris
1250 1086 1543 1127 existentibus
1564 1110 1665 1134 orany
1679 1102 1803 1128 member
1833 1104 1836 1134 1

18 1156 114 1204 15in
145 1157 248 1210 ipsa,
280 1155 487 1208 quoniam
520 1168 653 1195 omne
685 1154 980 1207 compositum
1014 1154 1253 1195 secundum
1283 1156 1401 1208 quod
1425 1169 1544 1196 com·
1566 1136 1753 1168 ⁰f⁰¹eb⁰d³⁸

73 1226 263 1266 mittitur
295 1224 452 1266 crescit
495 1223 582 1278 (vel
618 1223 862 1264 secundum
900 1224 1019 1277 quod
1061 1224 1238 1265 metitur
1279 1225 1468 1264 cernitur
1502 1232 1546 1266 et

71 1293 299 1349 circuitur).
953 1299 955 1301 ’

131 1364 243 1406 Cum
282 1378 385 1419 ergo
417 1363 605 1405 volueris
648 1363 909 1417 ligacionem
953 1363 1243 1417 planetarum,
1279 1364 1405 1405 volve
1447 1379 1545 1406 cum
1566 1383 1812 1409 Tomakeuseof

71 1432 291 1488 adjutorio
336 1433 557 1474 Altissimi
599 1433 909 1488 simplicissimi
954 1433 1214 1486 ligacionem
1258 1434 1428 1474 illarum
1472 1417 1825 1486 po-ssifefflaii‘eessiipcr‘ffff‘

16 1519 55 1542 20
73 1504 310 1545 tenciarum
354 1501 448 1557 (seu
490 1502 720 1555 virtutum)
750 1502 1111 1556 supracelestium
1146 1503 1416 1543 sensibilium
1461 1516 1546 1556 que
1565 1484 1824 1557 {ilceess‘iaaihiffssi'on

72 1579 310 1628 operantur
346 1573 385 1612 in
424 1573 518 1614 istis
551 1573 808 1626 corporibus
842 1572 1111 1625 compositis.
1175 1572 1244 1612 Tu
1276 1579 1424 1612 autem
1454 1572 1545 1625 jam
1566 1552 1748 1585 youmeect'

71 1643 228 1684 novisti
258 1643 365 1696 quid
395 1642 532 1683 habet
563 1642 749 1695 quilibet
780 1641 958 1696 planeta
989 1655 1046 1682 ex
1080 1641 1163 1682 illis
1196 1642 1239 1682 in
1271 1642 1471 1682 universo
1504 1649 1547 1683 et

72 1713 308 1754 individuis
334 1718 378 1753 et
400 1712 659 1766 compositis
681 1711 936 1765 corporibus
960 1711 1002 1751 in
1030 1712 1230 1752 universo
1253 1717 1296 1752 et
1326 1711 1546 1752 divisione.

73 1781 311 1825 Considera
339 1796 444 1836 ergo
473 1782 791 1836 disposiciones
822 1781 1089 1824 firmamenti
1120 1781 1162 1821 in
1191 1780 1389 1834 quolibet
1421 1781 1546 1834 signo
1566 1794 1764 1834 consiqqrthe

16 1867 52 1899 25
71 1853 336 1895 ascendente
359 1853 414 1894 de
442 1852 532 1893 suis
561 1851 909 1900 ascendentibus,
936 1857 978 1891 et
1001 1851 1243 1891 secundum
1270 1851 1388 1903 quod
1418 1851 1545 1890 durat
1564 1829 1832 1889 giiffissitssffi'ffffie

72 1923 307 1977 disposicio
339 1921 433 1975 ejus
471 1928 514 1963 et
549 1922 614 1962 sui
653 1920 931 1962 ascendentis
968 1933 1100 1972 super
1132 1920 1276 1973 ipsum
1314 1933 1451 1972 usque
1488 1920 1545 1959 ad

71 1992 386 2045 perfeccionem
422 1991 658 2045 cujuslibet
696 1991 815 2031 modi
848 2004 905 2030 ex
941 1989 1093 2039 modis,
1127 1988 1304 2039 scilicet,
1338 1989 1434 2040 quis
1476 2003 1545 2028 as-

71 2063 260 2104 cendens
291 2062 346 2103 sit
375 2061 566 2102 deterior
598 2068 643 2102 et
674 2060 907 2114 ymagines
929 2059 1214 2102 ascendentes
1238 2071 1295 2097 ex
1319 2056 1391 2097 illa
1421 2064 1546 2110 parte

70 2132 320 2186 gradientes
352 2130 612 2185 spirituales,
650 2137 693 2171 et
725 2142 932 2183 compara
963 2129 1019 2168 ad
1058 2128 1200 2180 ipsum
1234 2126 1542 2179 operacionem

13 2216 53 2247 30
70 2213 127 2241 ex
144 2201 429 2255 generacione
456 2197 461 2255 Ι
488 2200 682 2240 humana
703 2199 771 2240 vel
789 2205 1033 2239 ceterorum
1052 2195 1307 2235 animalium
1325 2202 1400 2235 aut
1414 2208 1542 2246 vege·
1564 2214 1622 2235 122
1643 2206 1673 2236 b.

69 2271 270 2312 tabilium
303 2276 347 2310 et
379 2269 590 2322 lapidum,
623 2269 684 2310 ita
717 2275 764 2309 ut
794 2268 850 2307 sit
881 2267 1089 2319 magister
1117 2265 1389 2305 ascendentis
1412 2264 1454 2304 in
1477 2278 1541 2304 eo.

72 2339 142 2381 Ita
165 2339 283 2393 quod
316 2338 532 2380 Saturnus
565 2338 608 2378 in
635 2351 768 2392 opere
799 2351 879 2377 suo
911 2342 955 2376 et
987 2341 1166 2389 aspectu
1199 2348 1278 2374 suo
1312 2334 1367 2374 ad
1397 2334 1539 2387 ipsum
1559 2346 1596 2371 iet
1611 2345 1714 2384 satum
1727 2345 1763 2372 be

71 2409 272 2462 respiciat
314 2408 516 2463 benigne,
555 2414 598 2448 et
641 2407 761 2460 quod
805 2407 860 2447 sit
901 2405 1057 2445 infusio
1100 2403 1322 2444 radiorum
1365 2416 1541 2443 suorum
1560 2380 1715 2413 be¹¹¹gnant

70 2492 199 2533 super
227 2478 301 2519 illa
335 2477 467 2531 plaga
504 2480 596 2529 (seu
631 2473 827 2529 regione)
861 2475 903 2514 in
937 2487 1023 2527 qua
1056 2480 1103 2513 tu
1133 2472 1298 2513 existis.
1363 2471 1422 2511 Et
1454 2485 1541 2512 non

71 2548 401 2607 transgrediaris
425 2547 570 2588 locum
600 2545 874 2600 operacionis
905 2541 1010 2598 (sive
1038 2541 1366 2597 applicacionis)
1390 2548 1475 2591 tue,
1499 2548 1541 2581 et

51 2653 62 2664 .
117 2639 156 2659 10
168 2631 245 2669 post
266 2627 463 2667 pluralitate
487 2627 553 2668 lege
576 2631 678 2665 caput
702 2627 785 2665 ejus.
846 2635 884 2656 12
910 2623 1109 2664 Saturnum]
1137 2622 1250 2653 Solem
1272 2621 1345 2652 MS.
1428 2631 1468 2660 23
1493 2621 1542 2651 in-

47 2672 232 2713 .dividuis]
250 2672 378 2702 divinis
396 2672 469 2704 MS.
546 2682 589 2710 24
614 2671 815 2702 Considera.
861 2668 935 2699 The
960 2667 1127 2699 Achillini
1153 2670 1229 2697 text
1253 2666 1339 2697 ends
1363 2665 1445 2696 here
1470 2665 1542 2696 and

69 2727 152 2757 goes
169 2727 215 2747 on
232 2715 318 2747 with
338 2725 369 2756 p.
390 2725 463 2754 114.

137 2783 201 2805 1590
788 2777 824 2808 M
