1908 3126
795 149 892 176 XXV

68 255 220 294 dictum
241 260 315 301 est,
333 253 486 291 animas
507 252 646 290 reverti
663 251 702 288 in
717 263 820 289 nova
837 262 1004 300 corpora
1019 250 1071 288 ad
1083 248 1230 287 luenda
1246 245 1444 297 supplitia.
1503 247 1608 285 Nam

69 308 168 359 quid
187 316 343 359 oportet
363 306 517 345 animas
537 305 705 344 vinculis
726 306 901 355 corporis
922 305 1019 354 eripi
1038 320 1045 343 :
1075 303 1107 342 si
1127 316 1259 341 rursus
1279 302 1320 340 in
1340 301 1448 340 aliud
1465 313 1609 350 corpus

68 363 502 402 detrudendae.sunt?
542 373 635 398 nam
667 359 803 398 ociosa
835 368 938 398 esset
969 372 1087 397 mors.
1145 358 1250 395 Nam
1286 356 1495 407 oportebat
1532 368 1609 393 ma-

68 419 197 456 lorum
225 416 435 455 hominum
463 422 628 454 eatenus
656 412 820 464 proferri
846 413 981 460 vitam,
1012 426 1093 462 quo
1112 413 1164 450 ad
1185 413 1343 449 illorum
1364 410 1609 460 propagandi

67 480 202 511 essent
235 472 444 510 eruciatus.
503 471 619 508 Pater
650 470 832 507 Socrates
870 467 977 518 prius
1020 466 1157 506 docuit
1203 465 1361 504 animae
1408 464 1609 502 rationalis

68 525 430 564 immortalitatem:
461 537 508 563 ac
527 531 618 574 post
639 525 929 573 separationem
950 535 973 560 a
993 534 1158 572 corpore
1178 521 1243 559 ille
1272 532 1375 570 quae
1399 518 1609 557 virtutibus

68 589 181 619 erant
199 581 402 631 praeditae
421 578 650 629 gaudebant
669 577 928 628 jucunditate,
951 589 997 614 ac
1018 575 1224 614 harmonia
1243 573 1417 620 coelesti,
1433 586 1482 611 eo
1498 583 1608 611 erant

67 643 200 685 gratae
220 634 349 685 primo
369 647 499 673 rerum
519 632 664 683 opifici.
725 634 777 670 At
799 631 986 681 illequae
1005 630 1185 669 obscuris
1203 629 1359 668 actibus
1379 636 1417 667 et
1437 627 1609 666 beluinis

67 689 339 740 voluptatibus
352 698 463 727 erant
477 687 636 727 deditae
653 704 660 726 :
681 687 958 737 deprimuntur
971 685 1011 723 in
1025 685 1163 723 orbem
1179 684 1330 723 tristem
1344 696 1390 722 ac
1406 691 1606 729 tartarum,

67 744 135 782 ubi
157 743 342 790 tenebris,
367 742 522 782 tristitia
542 757 550 781 :
578 755 626 780 ac
646 750 839 791 perpetuo
859 740 950 791 igne
971 739 1206 778 cruciantur.

122 794 232 836 Dixit
261 799 507 848 quandoque
536 798 650 835 Plato
678 795 833 834 animas
861 795 1072 833 rationales
1101 807 1123 832 e
1157 792 1391 843 corporibus
1430 792 1608 831 exolutas

64 854 256 891 accedere
295 853 347 891 ad
386 864 593 902 compares
632 852 776 895 stellas,
815 849 953 899 ibique
990 848 1099 887 beari
1128 861 1176 886 ac
1208 847 1350 886 tristari
1384 847 1607 886 secundum

66 908 207 946 merita
224 920 271 945 ac
292 906 497 946 demerita.
556 905 740 945 Diximus
761 918 835 943 nos
854 905 896 942 in
916 903 976 942 his
993 916 1095 953 quae
1109 904 1159 941 de
1172 903 1306 940 anima
1322 917 1329 940 :
1360 901 1606 940 intellectum

65 961 240 1000 hominis
261 975 348 1000 esse
361 961 585 999 immixtum
599 960 757 999 animae
773 958 1073 1009 impassibilem,
1089 966 1128 996 et
1144 956 1499 1007 incorruptibilem,
1515 965 1552 993 et
1567 957 1606 993 in

65 1016 166 1055 libro
182 1018 245 1055 De
259 1018 412 1054 Natura
428 1017 607 1054 Deorum
629 1014 841 1053 docuimus
862 1027 954 1052 eum
976 1025 1182 1051 remanere
1203 1020 1294 1062 post
1315 1012 1607 1061 separationem

64 1084 88 1109 a
107 1084 285 1122 corpore,
307 1084 398 1109 cum
420 1070 495 1109 illis
515 1069 793 1109 affectionibus
813 1081 912 1118 quas
932 1067 974 1105 in
993 1080 1158 1118 corpore
1177 1065 1438 1116 acquisiverat
1459 1066 1608 1103 idcirco

64 1126 260 1164 malorum
299 1125 456 1164 animae
495 1138 587 1163 cum
626 1132 775 1163 restent
813 1136 906 1162 cum
952 1121 1205 1173 passionibus
1250 1122 1376 1171 gulae,
1418 1118 1605 1166 luxuriae,

63 1179 306 1227 ambitionis,
330 1189 369 1219 et
388 1179 585 1227 avaritiae,
608 1187 802 1229 appetunt
823 1177 965 1216 iterum
986 1189 1168 1215 exercere
1188 1175 1276 1214 illos
1297 1184 1408 1213 actus
1425 1190 1432 1212 :
1462 1183 1501 1213 et
1514 1187 1606 1212 cum

63 1234 196 1273 desint
225 1234 281 1273 eis
311 1247 477 1284 corpora
505 1247 552 1272 ac
581 1247 730 1284 organa
759 1231 1058 1283 proportionata
1087 1232 1139 1269 ad
1168 1230 1246 1276 illa,
1277 1230 1506 1269 detinentur
1532 1231 1608 1267 hac

63 1290 275 1328 exercendi
294 1288 463 1328 libidine
483 1297 691 1339 perpetuo,
711 1296 749 1326 et
770 1287 824 1325 ita
844 1287 994 1325 habent
1015 1287 1119 1324 hanc
1140 1294 1373 1336 perpetuam
1394 1283 1606 1322 miseriam.

65 1344 273 1382 Bonorum
313 1356 408 1382 vero
446 1344 604 1381 animae
650 1356 755 1393 quae
797 1343 982 1380 virtutem
1027 1350 1066 1379 et
1111 1341 1296 1379 scientias
1342 1340 1606 1390 speculativas

62 1398 250 1444 habuere,
281 1406 320 1437 et
349 1397 492 1436 virtute
521 1398 691 1448 heroyca
718 1398 845 1435 elatae
876 1404 966 1446 post
998 1402 1167 1433 mortem
1199 1402 1406 1434 remanent
1439 1406 1606 1443 capaces

61 1452 332 1501 beatitudinis,
365 1461 404 1491 et
433 1453 489 1491 sic
522 1451 692 1491 beantur
724 1465 794 1501 per
827 1452 917 1498 hoe,
957 1451 1067 1500 quod
1106 1451 1206 1488 deus
1245 1459 1284 1488 et
1321 1447 1606 1498 intelligentiae

60 1507 226 1546 haerent
256 1508 313 1552 uti
339 1508 491 1546 formae
521 1507 607 1555 illis,
640 1515 679 1545 et
709 1514 801 1544 sunt
832 1507 923 1544 Deo
952 1506 1262 1543 amantissimae.
1320 1505 1453 1542 Locus
1483 1502 1606 1541 beati—

60 1563 211 1600 tudinis
250 1570 310 1601 est
348 1563 461 1600 stella
500 1575 673 1612 compar,
710 1560 876 1599 domina
907 1559 1008 1610 signi
1040 1558 1357 1609 horoscopantis,
1391 1571 1460 1608 per
1494 1558 1605 1607 quod

58 1616 194 1655 anima
214 1616 436 1656 descendit.
514 1617 721 1667 Siquidem
743 1628 834 1654 cum
855 1628 925 1665 per
945 1615 1051 1652 illam
1074 1615 1295 1652 descendat
1315 1627 1385 1664 par
1406 1623 1465 1651 est
1485 1622 1527 1650 ut
1551 1613 1603 1650 ad

59 1671 168 1709 illam
188 1673 324 1710 redeat
344 1679 388 1710 ut
409 1671 670 1710 beatificetur.
729 1671 864 1720 Quare
885 1669 1113 1708 Alexander
1132 1677 1172 1707 te
1192 1676 1278 1707 toto
1301 1668 1437 1706 animo
1458 1668 1510 1706 ad
1533 1667 1605 1704 vir-

43 1730 234 1786 ‘tutemet
247 1725 433 1764 scientias
446 1727 717 1777 capescendas
729 1726 928 1775 accingas,
940 1723 1124 1774 rejiciens
1143 1722 1249 1768 vitia,
1259 1736 1310 1762 ne
1326 1731 1417 1774 post
1434 1732 1602 1761 mortem

56 1793 193 1819 anima
213 1789 280 1820 tua
299 1789 473 1820 tristetur
492 1789 655 1820 aeterno
675 1789 867 1830 tempore.

363 1909 375 1927 ,
539 1875 895 1914 CLAsslfchTloN
924 1885 978 1912 OF
1009 1873 1125 1911 MSS.

113 1963 180 2002 All
201 1963 286 2002 MS.
309 1964 487 2001 versions
507 1963 552 2001 of
566 1963 634 2001 the
662 1963 852 2001 secretum
878 1962 1114 2000 Secretorum
1138 1961 1283 1999 known
1310 1967 1351 1998 to
1377 1973 1446 1998 ‘me
1471 1961 1606 1999 derive

58 2030 160 2068 srom
199 2042 278 2067 one
316 2029 582 2068 source-the
611 2029 764 2067 edition
793 2028 838 2066 of
863 2027 1026 2076 Philip’s
1056 2025 1290 2065 translation
1317 2034 1389 2077 put
1419 2027 1523 2065 forth
1553 2027 1604 2076 by

57 2094 259 2145 authority
289 2095 439 2145 shortly
467 2094 605 2133 before
638 2108 683 2132 12
692 2093 924 2144 59—-either
954 2093 1006 2144 by
1033 2091 1256 2131 successive
1282 2092 1529 2132 mutilations
1559 2107 1605 2132 or

59 2162 112 2213 by
134 2160 254 2211 easily
275 2160 550 2211 recognizable
568 2161 784 2199 additions.

114 2229 193 2266 Mr.
210 2227 245 2277 J.
267 2228 312 2264 P.
334 2225 477 2265 Gilson
502 2226 544 2264 in
573 2227 827 2276 cataloguing
852 2226 921 2264 the
946 2224 1093 2263 British
1118 2226 1308 2264 Museum
1337 2225 1603 2276 manuscripts

55 2294 102 2332 of
117 2294 186 2332 the
206 2293 396 2331 secretum
415 2292 570 2331 arrived
589 2300 629 2331 at
648 2305 672 2330 a
691 2292 863 2330 number
882 2293 927 2330 of
942 2290 1096 2330 criteria
1115 2291 1167 2342 by
1187 2292 1317 2330 which
1336 2293 1429 2343 they
1446 2305 1536 2342 may
1552 2293 1603 2332 be

56 2359 222 2400 divided
241 2357 328 2397 into
348 2359 505 2397 classes.
564 2358 680 2407 They
699 2370 765 2396 are
784 2370 827 2396 as
847 2358 1016 2396 follows:

276 2423 336 2475 (a)
385 2425 500 2474 Pliny
520 2431 615 2462 note
635 2422 690 2475 (p.
715 2423 820 2473 111).

274 2490 327 2541 (b)
377 2490 441 2528 De
460 2489 617 2540 Viperis
637 2487 692 2540 (p.
719 2489 824 2540 105).

278 2556 327 2606 (c)
383 2556 420 2594 O
442 2556 679 2603 Alexander,
700 2556 781 2606 jam
803 2554 951 2594 scivisti
971 2553 1027 2606 (p.
1055 2553 1159 2606 157).

274 2621 340 2675 (θ)
384 2622 449 2660 De
470 2621 789 2672 apprehensione
809 2620 1034 2660 intellectus
1055 2620 1110 2671 (p.
1137 2621 1243 2673 158).

274 2686 342 2740 (Β)
385 2688 450 2726 De
469 2686 710 2738 imaginibus
730 2691 787 2738 (p.
813 2689 918 2732 162).

274 2754 335 2805 (d)
382 2754 472 2791 The
491 2753 712 2791 medicines
732 2754 831 2792 after
850 2753 918 2792 the
939 2751 1045 2792 third
1065 2751 1120 2804 (p.
1149 2751 1255 2806 101).

274 2819 328 2871 (e)
384 2820 448 2858 De
469 2818 607 2859 Oculis
627 2818 680 2871 (p.
705 2817 785 2871 84).
