1908 3126
11 284 208 313 Therme-sos
414 264 624 306 Onstitue
647 275 752 315 ergo
781 260 861 302 tibi
896 274 953 301 ex
979 260 1062 300 hac
1090 260 1279 302 sciencia
1309 260 1588 314 phisonomie
1615 257 1790 314 regulas

14 320 237 353 Ph³'⁵³⁰g⁰⁰m³''
426 341 469 374 et
492 332 837 375 constituciones
869 330 1121 371 abreviatas
1154 335 1198 370 et
1230 330 1505 377 sufficientes,
1523 316 1573 371 ¹et
1602 330 1677 371 det
1708 328 1790 370 tibi

306 404 431 444 Deus
465 415 676 456 magnum
709 401 950 442 comodum
984 405 1028 440 et
1059 399 1254 452 precium
1289 414 1346 441 ex
1379 399 1613 441 nobilitate
1634 405 1791 440 nature

306 479 381 513 tue
405 479 447 513 et
471 472 667 526 puritate
689 477 764 511 tue
786 470 1052 518 substancie.
1626 457 1632 460 ⁶
1812 474 1830 507 5
1859 486 1864 491 ·

15 539 287 596 T11e51gn5fi'catio11
366 541 491 583 Scias
514 554 621 594 ergo
647 540 767 594 quod
804 538 985 589 matrix
1003 545 1073 580 est
1106 536 1351 579 embrioni¹
1379 538 1492 580 sicut
1514 538 1602 579 olla
1630 536 1794 579 ferculo

17 591 278 625 ⁰f³¹¹g''‘⁶⁰¹⁰m'
308 611 615 664 decoquendo.
693 609 877 650 Albedo
920 622 1025 662 ergo
1061 621 1161 649 cum
1204 598 1348 648 lividov
1382 608 1529 650 colore
1571 596 1615 649 et
1657 607 1795 648 flavus

309 681 432 722 color
472 679 617 731 nimis,
658 685 734 731 est,
768 679 944 732 signum
988 678 1206 722 diminute
1248 678 1527 719 decoccionis
1559 676 1796 718 embrionis

310 751 353 791 in
378 750 572 792 matrice.
636 748 683 789 Si
706 762 811 803 ergo
834 748 1009 790 accidat
1027 761 1129 788 cum
1154 747 1240 788 hoc
1257 747 1500 788 diminucio
1522 748 1564 787 in
1587 752 1800 796 creatura,

1874 429 1881 453 Α»
1866 402 1871 407 ”

1008 10 1084 50 160

367 160 615 217 Capitulum
637 156 869 202 secundnm
892 156 945 198 de
957 156 1236 212 plzz'sonovzz‘a
1258 156 1303 197 in
1314 157 1599 211 particulari.
1856 0 1886 425 ἱ

125 231 173 257 w

1867 442 1886 502 ὲ

1870 494 1887 518 nl

1885 712 1887 744 l

1881 758 1888 774 4

311 875 484 915 sciencia
505 875 554 913 sit
576 875 694 925 plena
715 872 917 924 sapiencia
937 873 1128 912 naturalis
1147 872 1425 924 philosophie,
1437 880 1487 912 et
1496 872 1705 916 utilissima
1725 877 1799 922 pro
1820 814 1889 914 mi

22 951 86 976 One
99 947 222 975 mustbe
311 931 491 970 moribus
522 928 733 968 hominum
755 928 1060 978 cognoscendis,
1083 935 1217 967 tamen
1242 930 1414 968 mulium
1443 928 1565 967 debet
1595 941 1682 966 esse
1708 940 1798 978 pru·
1839 915 1889 987 ’ᾗ

22 983 267 1051 ξέζθῑῑξὲζζιξξᾞξ
312 987 411 1026 dens
426 992 464 1024 et
479 992 662 1034 expertus
683 982 752 1034 qui
773 984 824 1022 de
838 982 899 1021 his
916 983 1037 1022 debet
1049 984 1241 1033 judicare,
1255 996 1332 1022 nec
1351 984 1402 1022 de
1420 982 1656 1023 Christianis
1677 981 1800 1021 debet

23 1026 233 1083 ofcjhristians,
311 1041 457 1090 aliquis
472 1038 652 1089 judicare
679 1037 756 1077 nisi
785 1037 1052 1088 aptitudinem
1079 1039 1298 1076 naturalem
1329 1039 1381 1077 ad
1411 1051 1554 1085 mores,
1576 1050 1659 1076 non
1690 1037 1802 1086 quod

280 1094 405 1134 talis
436 1094 519 1140 erit,
542 1093 636 1143 quia
667 1092 797 1144 gracia
835 1092 911 1135 Dei
945 1100 1099 1143 gratum
1133 1092 1283 1131 faciens
1305 1100 1437 1143 potest
1467 1091 1626 1131 vincere
1654 1093 1802 1129 malam

316 1148 631 1209 disposicionem
653 1146 776 1186 animi
806 1148 857 1186 ad
879 1161 1000 1198 quarn
1030 1146 1222 1186 excitatur
1242 1161 1290 1186 ex
1319 1148 1598 1207 complexione
1627 1153 1666 1185 et
1696 1159 1801 1185 com—
1824 1160 1881 1194 15·

316 1203 523 1255 posicione
557 1201 734 1253 corporis
769 1209 808 1241 et
839 1201 979 1240 ceteris
1012 1202 1330 1252 proprietatlbus‚
1368 1202 1461 1252 quia
1491 1209 1625 1240 tamen
1662 1213 1804 1239 omnes

316 1259 503 1297 homines
532 1265 614 1296 tarn
644 1256 741 1296 boni
771 1270 891 1307 quarn
923 1256 1015 1294 maii
1047 1256 1288 1295 inclinantur
1316 1256 1485 1296 omnino
1511 1258 1573 1295 vel
1603 1255 1644 1294 in
1665 1254 1804 1306 majori

28 1339 210 1367 mqmthe
317 1323 428 1364 parte
457 1313 520 1351 vel
549 1312 591 1350 in
622 1311 779 1359 minori,
800 1319 838 1350 et
866 1324 1026 1372 semper
1055 1313 1116 1350 vel
1147 1313 1292 1361 pluries
1314 1313 1374 1350 vel
1401 1311 1632 1361 aliquando,
1653 1311 1705 1349 ad
1736 1323 1807 1349 eos

28 1376 140 1401 cience
152 1374 207 1399 will
223 1372 270 1399 tell
320 1381 450 1406 mores
470 1368 522 1406 ad
543 1380 647 1417 quos
674 1373 816 1413 natura
843 1365 987 1413 excitat
1008 1367 1266 1412 voluntatem,
1288 1366 1381 1414 ideo
1409 1367 1511 1409 ultra
1523 1365 1806 1416 aptitudinem

29 1407 274 1476 ὲῗζὲὲξῑῗῑὲἓωωι
320 1429 452 1474 potest
491 1421 648 1472 sapiens
679 1420 932 1459 considerare
962 1428 1001 1459 et
1034 1422 1173 1459 saltem
1213 1420 1396 1462 dubitare
1430 1407 1722 1468 racionabiliter
1756 1420 1807 1458 de
1828 1437 1872 1460 20

194 1485 254 1518 126
272 1497 302 1517 a
322 1491 372 1516 eo
392 1478 459 1527 qui
482 1476 602 1514 habet
623 1483 804 1514 naturam
825 1476 941 1514 valde
962 1475 1207 1526 dislpos'rtam
1224 1476 1275 1514 ad
1297 1477 1423 1514 malos
1444 1488 1585 1523 moreS‚
1609 1481 1649 1513 et
1668 1486 1809 1513 cavere

322 1533 374 1570 ab
404 1544 466 1577 eo,
489 1543 701 1580 usquequo
731 1529 962 1581 cognoverit
986 1531 1071 1579 ejus
1101 1529 1403 1569 conversionem
1426 1531 1478 1569 ad
1507 1531 1638 1569 bonos
1667 1541 1809 1567 mores.

32 1602 114 1629 rivin
129 1601 225 1635 pupi!
247 1608 294 1626 are
324 1586 471 1636 Aliqua
492 1585 598 1624 enim
622 1592 712 1623 sunt
730 1584 841 1635 signa
870 1584 1063 1623 naturalia
1084 1584 1137 1623 ita
1166 1584 1342 1624 efficacia
1371 1585 1481 1635 quod
1511 1584 1574 1623 vix
1604 1583 1809 1628 defficiunt

32 1647 48 1664 Ἀ
63 1646 131 1670 Ἥ)
145 1637 225 1662 Μ·
213 1644 285 1668 ¹⁰¹¹·
323 1640 445 1691 aliqui
467 1640 518 1678 ab
540 1639 614 1677 illis
636 1639 813 1678 moribus
833 1640 884 1678 ad
907 1653 1010 1689 quos
1031 1639 1284 1686 inclinantur,
1300 1647 1342 1678 ut
1362 1639 1430 1689 qui
1445 1639 1625 1690 geminas
1641 1637 1811 1689 pupillas

324 1694 505 1734 habent
496 1708 536 1732 in
557 1695 676 1732 oculo
697 1707 789 1740 uno,
807 1708 870 1732 mx
891 1707 1067 1744 unquam
1085 1702 1225 1732 cavent
1239 1707 1262 1732 a
1278 1693 1482 1733 sedicione
1498 1702 1536 1732 et
1547 1692 1812 1753 decepeione,
1833 1705 1873 1737 25

326 1758 368 1788 ut
399 1748 566 1800 probavi
604 1748 646 1788 in
677 1725 865 1787 omnibus
897 1762 999 1798 quos
1029 1750 1164 1787 adhuc
1198 1749 1290 1787 vidit
1351 1751 1403 1787 Et
1436 1750 1560 1787 multa
1593 1748 1670 1787 alia
1701 1747 1813 1798 signa

325 1803 575 1855 reperiuntur-
603 1803 643 1841 in
674 1804 751 1841 hoc
769 1803 895 1850 libro,
916 1810 954 1841 et
984 1802 1025 1841 in
1043 1802 1140 1850 ‚aliis
1161 1803 1271 1842 libris
1300 1805 1417 1854 hujus
1447 1802 1629 1842 sciencie.
1687 1804 1816 1852 Super

39 1874 209 1908 Kingswho
221 1874 295 1900 have
328 1872 469 1898 omnes
490 1865 623 1896 autem
648 1859 750 1896 valet
771 1858 929 1908 regibus
950 1865 988 1896 et
1018 1858 1172 1908 magnis
1198 1857 1289 1896 viris
1310 1866 1353 1896 ut
1377 1865 1510 1905 essent
1530 1856 1651 1909 ,periti
1677 1856 1718 1895 in
1739 1858 1814 1895 hac

37 1909 311 1969 {ggglflffiffgfflaffis
330 1912 504 1953 sciencia
534 1912 574 1950 in
606 1912 810 1951 eleccione
840 1911 1060 1951 amicorum
1101 1919 1140 1951 et
1158 1912 1456 1960 ministrorum,
1487 1912 1580 1962 quia
1610 1911 1682 1951 etsi
1718 1910 1814 1949 boni

37 1978 160 2004 seience.
330 1967 459 2019 primo
481 1968 676 2016 eligantur
704 1968 756 2005 ad
785 1966 913 2005 curias
943 1980 1078 2017 regum
1101 1974 1139 2005 et
1169 1969 1409 2017 prelatorum
1440 1967 1521 2006 cito
1550 1968 1816 2017 depravantur
1835 1975 1878 2006 30

331 2036 400 2074 per
432 2021 596 2060 divicias
637 2028 675 2060 et
710 2020 872 2066 delicias
905 2029 943 2060 et
986 2023 1157 2069 honores
1197 2029 1235 2060 et
1270 2035 1446 2060 munera.
1504 2023 1671 2071 Propter
1705 2020 1815 2070 quod

331 2076 556 2116 Aristotiles
577 2075 702 2114 voluit
727 2076 918 2115 instruere
949 2077 1220 2114 Alexandrum
1252 2075 1291 2114 in
1314 2077 1389 2119 hac
1415 2075 1588 2116 sciencia
1607 2074 1824 2114 utilissima.

331 2146 402 2183 pro
423 2130 624 2177 omnibus,
648 2139 686 2169 et
708 2130 880 2174 maxime
899 2144 970 2181 pro
995 2130 1258 2180 magnatibus,
1283 2139 1325 2169 ut
1346 2130 1471 2181 possit
1501 2143 1640 2169 cavere
1659 2142 1683 2168 a
1703 2128 1817 2168 malis

331 2194 370 2225 et
390 2185 533 2236 eligere
555 2185 697 2223 bonos
757 2186 816 2223 Ex
846 2184 963 2224 dictis
994 2185 1230 2224 Philinionis
1260 2193 1298 2224 et
1328 2184 1588 2235 responsione
1609 2183 1818 2234 Ypocratis

332 2247 441 2292 patet
462 2239 603 2278 veritas
623 2239 864 2299 judiciorum
886 2239 1151 2291 phisonomie,
1172 2239 1265 2289 quia
1287 2253 1355 2290 per
1376 2241 1479 2278 hanc
1500 2238 1713 2278 scienciam
1735 2251 1818 2276 non
1837 2250 1878 2282 35

334 2301 464 2346 potest
479 2293 658 2344 judicare
687 2293 762 2332 nisi
784 2295 835 2333 de
864 2293 1088 2344 aptitudine
1109 2295 1160 2332 ad
1188 2307 1329 2341 mores,
1356 2307 1437 2332 non
1468 2295 1519 2332 de
1547 2291 1693 2332 actuali
1722 2291 1819 2331 exis-

334 2348 495 2395 tencia;
524 2348 646 2387 debet
677 2356 812 2387 tamen
833 2348 991 2399 sapiens
1021 2348 1314 2387 racionabiliter
1343 2348 1526 2387 dubitare
1547 2347 1615 2386 ubi
1645 2346 1820 2385 violenta

335 2403 446 2454 signa
485 2379 647 2450 invenit,
685 2410 724 2442 et
758 2416 897 2442 cavere
936 2404 1066 2442 donec
1105 2402 1247 2453 probet
1286 2402 1539 2450 contrarium,
1576 2403 1678 2441 sicut
1711 2400 1836 2452 prius·

334 2470 511 2507 exposui

390 2513 401 2533 ¹
432 2511 654 2560 Marg1·1ml
677 2516 761 2549 nole
793 2512 835 2550 in
868 2525 972 2550 same
1005 2512 1117 2551 hand
1132 2529 1143 2551 .·
1182 2511 1373 2551 ‘Embrio
1404 2519 1463 2551 est
1497 2511 1600 2551 fetus
1634 2509 1674 2550 in
1707 2516 1820 2550 utero
1840 2519 1883 2553 40

336 2566 482 2612 matris,
507 2565 591 2604 sive
614 2568 652 2603 in
673 2566 836 2605 matrice
850 2568 871 2606 ⁷.

381 2665 403 2694 6
427 2664 581 2704 Chapter
597 2665 687 2696 cxiii.
709 2664 742 2696 V
