1908 3126
812 132 864 174 13

95 231 316 271 secundum
342 231 521 278 Esdram,
551 239 693 282 quarto
723 231 834 279 libro,
865 246 931 271 sex
963 241 1092 284 partes
1124 242 1222 274 terre
1252 243 1343 274 sunt
1376 234 1497 274 libere
1527 237 1579 274 ab

94 309 207 347 aqua,
241 304 279 335 et
315 296 484 347 septima
518 298 743 348 cooperitur
773 300 897 348 aquis.
960 301 1010 337 Et
1046 301 1138 338 huic
1174 300 1325 351 optime
1361 301 1579 339 concordat

95 361 318 401 Aristotiles
340 362 378 400 in
408 363 486 401 fine
506 362 672 401 secundi
694 362 781 401 libri
805 364 893 402 Celi
917 369 954 401 et
972 366 1131 403 Mundi.
1202 365 1444 406 Convexitas
1474 379 1578 416 aque

94 426 244 478 sperica
264 428 368 477 jacet
389 426 429 465 in
450 427 698 466 concavitate
719 428 830 476 aeris,
848 436 886 467 et
902 431 1130 469 convexitas
1151 430 1250 469 aeris
1267 432 1306 469 in
1328 430 1577 469 concavitate

59 507 75 538 5
94 492 207 543 ignis,
237 499 274 531 et
296 493 523 531 convexitas
544 492 644 543 ignis
666 492 704 531 in
726 494 975 534 concavitate
996 495 1103 534 orbis
1126 498 1186 535 vel
1207 510 1320 547 spere
1343 498 1467 535 Lune.
1525 498 1576 535 Et

94 557 321 597 convexitas
351 571 464 608 spere
497 560 609 597 Lune
637 559 740 608 jacet
771 558 811 597 in
841 560 1088 600 concavitate
1119 561 1225 601 orbis
1246 575 1315 601 seu
1343 575 1456 612 spere
1475 563 1577 600 Mer-

92 2333 199 2382 curii,
221 2343 260 2375 et
280 2335 508 2375 convexitas
525 2349 638 2387 spere
661 2336 848 2376 Mercurii
869 2338 908 2374 in
930 2335 1179 2375 concavitate
1201 2350 1313 2388 spere
1334 2336 1512 2384 Veneris,
1536 2345 1575 2376 et

91 2400 318 2440 convexitas
348 2414 461 2453 spere
482 2403 650 2441 Veneris
667 2404 772 2452 jacet
793 2403 832 2440 in
860 2402 1107 2441 concavitate
1132 2402 1255 2453 speris
1285 2402 1399 2450 Solis,
1423 2410 1461 2441 et
1481 2416 1574 2442 con-

91 2467 238 2506 vexitas
268 2480 381 2518 spere
412 2467 515 2507 Solis
554 2467 595 2507 in
627 2468 876 2507 concavitate
916 2468 1039 2519 speris
1074 2470 1228 2515 Martis,
1265 2476 1304 2507 et
1343 2469 1579 2507 convexitas·

34 2546 73 2570 10
91 2543 202 2581 spere
243 2534 384 2573 Martis
422 2533 462 2572 in
495 2535 743 2573 concavitate
781 2547 895 2585 spere
924 2533 1047 2584 Jovis.
1108 2535 1159 2572 Et
1198 2533 1426 2574 convexitas
1461 2547 1574 2584 spere

90 2597 200 2646 Jovis
217 2599 322 2649 jacet
342 2599 383 2638 in
403 2599 652 2640 concavitate
667 2613 781 2651 spere
797 2601 965 2646 Saturni,
989 2607 1028 2639 et
1043 2601 1272 2639 convexitas
1286 2613 1399 2651 spere
1416 2600 1573 2639 Saturni

91 2662 130 2701 in
151 2664 398 2705 concavitate
418 2678 532 2717 spere
558 2666 758 2705 stellarum
789 2666 954 2704 fixarum
984 2665 1024 2704 in
1054 2678 1219 2716 corpore
1251 2679 1407 2717 magno,
1431 2665 1470 2704 in
1492 2679 1574 2717 quo

73 2753 84 2762 '
143 2758 358 2804 rbEsdram]
385 2769 404 2789 2
424 2758 522 2791 Esdr.
541 2759 583 2790 vi.
603 2769 654 2798 42.
982 2769 1003 2799 3
1027 2759 1267 2800 Aristotiles]
1293 2758 1314 2790 l.
1332 2759 1363 2790 ii.
1382 2769 1409 2790 c.
1431 2769 1482 2800 79.
