1908 3126
818 116 869 152 ,μ

107 226 250 262 totum
266 220 372 261 illud
387 219 506 273 quod
523 219 722 273 postulas
736 219 920 260 edoceri.
965 220 1082 273 Quia
1096 220 1369 265 desiderium
1381 219 1587 260 ferventis
1606 235 1668 260 rou
1683 234 1736 260 wm
1752 236 1840 261 auam

107 290 344 332 voluntatis
361 289 530 343 aperiet
547 289 627 330 tibi
643 288 758 329 viam
774 289 829 329 ad
848 295 972 329 tuum
989 289 1264 343 propositum
1282 289 1585 343 optinendum,
1605 278 1676 301 ‘'⁰¹¹''
1689 270 1752 295 Μ’

106 366 147 402 et
170 357 382 414 perducet
406 365 449 399 te
472 359 527 399 ad
558 358 689 398 finem
714 364 932 412 optatum,
958 359 1154 400 Domino
1174 356 1474 400 concedente(

167 487 414 543 Capitulum
447 489 497 529 de
527 487 614 529 lle‘z‘s
642 502 720 541 qne
748 496 911 542 oportet
938 504 1079 543 regem
1108 489 1262 530 habere
1287 487 1350 528 (ια’
1372 494 1584 529 sustenta-

65 567 84 600 5
103 559 262 601 cionem
298 559 426 612 regui
459 558 541 606 sni,
575 565 617 598 et
650 557 701 598 de
738 559 882 600 causis
912 560 1012 600 bene
1045 559 1271 613 regnandi,
1302 565 1345 598 cl
1372 558 1424 598 de
1454 572 1585 599 cansa

102 628 394 670 occultacz'om's
425 636 684 669 secretorum
705 636 789 682 per
821 630 952 670 verba
979 629 1242 682 cnzgrmatica
1255 643 1273 675 ,·
1306 636 1348 669 et
1377 635 1441 669 cst
1469 630 1582 682 capi—

103 700 239 741 tulum
262 705 480 752 quartum.
507 697 512 751 Ι

209 789 337 833 Ausa
354 791 531 844 quidem
547 790 697 831 subest
714 804 847 843 quare
864 791 944 831 tibi
961 789 1190 843 figurative
1208 790 1351 830 revelo
1366 796 1580 831 secretum
1604 790 1642 826 3⁶
1660 800 1690 819 a·
1730 838 1735 843 .

209 874 368 910 meum,
415 861 599 914 loquens
652 868 795 902 tecum
853 860 1072 914 exemplis
1122 861 1394 914 enigmaticis
1447 867 1581 913 atque
1602 838 1862 933 iffgiffisipggihs'ffi

1602 917 1626 931 ,Α
1737 917 1746 933 )
1796 918 1801 921 '
1827 917 1842 933 a

45 947 83 970 ιο
100 930 246 985 signis,
277 931 378 984 quia
409 931 545 971 timeo
579 931 758 971 nimium
793 945 846 971 ne
884 931 992 974 liber
1030 931 1302 984 presencium
1339 931 1394 970 ad
1429 924 1583 971 manus
1600 940 1825 1001 {gtgdgnworthy

100 1000 302 1042 deveniat
334 1000 576 1041 infidelium
609 1008 652 1042 et
689 1002 745 1041 ad
778 1006 1047 1053 potestatem
1085 1000 1405 1053 arrogandum,
1440 1006 1483 1039 et
1520 1000 1580 1040 sic
1680 994 1698 1000 ⁰

100 1070 324 1124 perveniat
348 1071 404 1111 ad
427 1070 524 1111 illos
547 1070 750 1112 ultimum
775 1070 939 1110 bonum
963 1077 1005 1111 et
1027 1069 1265 1110 archanum
1290 1069 1580 1119 divim11n‚‘ad

99 1141 215 1192 quod
248 1154 447 1180 summus
485 1140 608 1180 Deus
647 1139 742 1180 illos
770 1140 983 1193 judicavit
1015 1140 1259 1180 immeritos
1290 1146 1333 1180 et
1365 1139 1580 1192 indignos.

101 1208 197 1262 Ego
232 1223 337 1250 sane
363 1216 659 1263 transgressor
691 1223 830 1250 essem
865 1217 970 1250 tunc
1002 1209 1148 1249 divine
1175 1209 1320 1263 gracie
1347 1216 1390 1249 et
1420 1210 1582 1250 fractor

41 1292 78 1326 ¹5
97 1278 267 1320 celestis
290 1280 444 1321 secreti
467 1285 511 1320 et
540 1279 711 1320 occulte
742 1279 1036 1320 revelacionis.
1101 1279 1353 1333 Eapropter
1381 1279 1475 1328 tibi,
1498 1281 1580 1319 sub

97 1349 384 1390 attestacione
426 1350 561 1390 divini
597 1349 759 1403 judicii,
798 1350 914 1390 istud
957 1350 1117 1401 detego
1160 1355 1483 1389 sacramentum
1527 1363 1577 1389 eo

99 1418 229 1458 modo
271 1431 361 1471 quo
405 1418 512 1458 mihi
555 1424 620 1459 est
663 1418 918 1458 revelatum.
1003 1416 1125 1458 Scias
1169 1418 1300 1471 igitur
1342 1418 1461 1471 quod
1505 1418 1578 1471 qui
1603 1425 1835 1453 He>ha11susser

1601 1460 1663 1486 who
1677 1462 1784 1486 reveals

96 1487 268 1528 occulta
294 1488 469 1541 >detegit
500 1495 544 1529 et
575 1487 765 1529 archana
798 1487 1197 1540 revelatindignis
1231 1488 1373 1541 ipsum
1407 1488 1449 1527 in
1484 1502 1580 1541 pro·
1599 1496 1807 1562 fffiffrstltgthe

95 1557 218 1598 ximo
256 1557 494 1598 infortunia
531 1566 749 1610 secuntur,
788 1559 903 1598 unde
945 1571 1120 1598 securus
1157 1571 1252 1598 esse
1290 1571 1378 1597 non
1417 1559 1578 1612 poterit
1754 1550 1758 1555 ’

0 1661 2 1671 ,
34 1643 76 1666 20
96 1641 120 1667 a
143 1627 501 1681 contingentibus
523 1634 567 1668 et
591 1627 715 1669 malis
738 1628 905 1669 suturis.
962 1627 1181 1668 Dominus
1204 1627 1335 1680 igitur
1356 1628 1579 1668 custodiat

95 1703 138 1738 te
159 1711 184 1738 a
205 1698 417 1739 consimili
440 1705 484 1740 et
507 1700 563 1740 ab
586 1699 703 1739 omni
731 1712 863 1752 opere
885 1697 1127 1739 inhonesto.
1193 1697 1299 1738 Post
1325 1697 1406 1738 hec
1429 1704 1576 1738 autem

93 1769 251 1818 onmia,
274 1769 330 1809 ad
353 1776 476 1809 tuam
500 1770 658 1810 reduco
682 1768 940 1809 memoriam
966 1768 1070 1808 illud
1098 1767 1414 1808 salutissimum
1443 1768 1575 1808 docu—
1594 1774 1863 1836 fliissei-''tssl‘ifiiiJ-'JJ

95 1843 290 1878 mentum
334 1839 454 1892 quod
498 1838 579 1878 tibi
621 1851 795 1891 semper
837 1843 1072 1878 consuetus
1113 1850 1209 1877 sum
1252 1850 1488 1889 exponere,
1531 1845 1573 1877 et
1822 1829 1862 1843 δ’

92 1914 212 1947 tuam
261 1908 579 1949 nobilissimam
618 1909 813 1948 animam
850 1908 1093 1956 informare,
1132 1914 1173 1947 et
1211 1907 1294 1947 hoc
1333 1907 1414 1946 erit
1448 1913 1570 1947 tuum

28 1991 68 2023 25
91 1978 364 2031 propositum
389 1978 598 2019 solacium
622 1984 665 2018 et
687 1977 914 2032 speculum
938 1977 1139 2017 salutare.
1169 1975 1174 2031 Ι

150 2047 340 2102 Oportet
363 2048 511 2101 itaque
527 2047 769 2100 quemlibet
788 2060 936 2102 regem
954 2048 1010 2087 de
1027 2047 1282 2087 necessitate
1300 2046 1462 2087 habere
1485 2047 1572 2086 duo
1592 2047 1631 2086 30
1651 2048 1681 2078 b-

87 2114 310 2168 juvamina
332 2117 597 2158 sustinencia
621 2130 802 2170 regnum
822 2130 963 2158 suum,
1019 2116 1170 2157 Unum
1190 2129 1338 2174 eorum
1360 2122 1425 2156 est
1450 2115 1569 2156 sorti—
1589 2102 1860 2169 ὲςῇξῇξ“ᾖξ)ἕῖ]ᾛῖ,1ἰ’ζ”“

26 2213 31 2217 -
88 2187 197 2227 tudo
219 2187 411 2228 virorum
443 2187 602 2239 quibus
627 2194 774 2229 tuetur
803 2194 846 2227 et
876 2186 1195 2227 confortabitur
1222 2199 1405 2239 regnum
1431 2199 1570 2238 suum,
1587 2189 1844 2250 ssi'r‘ssffissiifssfnieu.

4 2271 7 2297 ι
89 2262 132 2296 et
146 2268 232 2296 non
246 2256 428 2297 habebit
442 2257 540 2304 hoc,
551 2257 633 2297 nisi
648 2257 827 2309 quando
842 2263 982 2298 rector
997 2256 1039 2296 in
1056 2256 1183 2297 rectis
1198 2261 1241 2296 et
1257 2255 1510 2296 dominator
1524 2255 1567 2295 in
1665 2245 1682 2256 ὃ

26 2337 70 2370 30
89 2325 276 2367 subditis
290 2326 553 2377 dominetur,
568 2333 611 2367 et
629 2326 710 2380 ipsi
726 2326 889 2368 subditi
909 2325 1185 2367 uniformiter
1199 2325 1414 2366 obediunt
1429 2325 1566 2365 domi-

90 2396 222 2446 nanti,
240 2397 353 2437 sicut
371 2403 550 2450 propter
572 2396 926 2437 inobedienciam
947 2396 1225 2437 subditorum
1244 2395 1503 2436 debilitatur
1526 2403 1567 2435 et

88 2465 296 2507 subicitur
326 2466 531 2519 potencia
553 2466 824 2508 dominantis
847 2473 890 2507 et
913 2466 1149 2520 regnantis,
1172 2472 1215 2506 et
1237 2465 1401 2506 subditi
1424 2465 1565 2505 domi·
1586 2478 1714 2517 ‘su-ogoid
1729 2488 1813 2516 cause
1828 2481 1855 2503 uf

88 2542 258 2576 uantur.
322 2534 381 2576 Et
417 2549 500 2589 ego
535 2537 768 2576 ostendam
806 2536 885 2576 tibi
920 2549 1096 2577 causam
1135 2542 1314 2589 propter
1350 2548 1483 2588 quam
1523 2541 1566 2574 et
1584 2512 1778 2579 353313535511¹

13 2651 18 2654 ,
88 2618 162 2658 per
202 2619 336 2658 quam
373 2605 636 2646 inducuntur
669 2606 834 2646 subditi
872 2605 1054 2647 obedire
1087 2605 1343 2646 dominanti.
1421 2603 1566 2645 Causa

21 2674 260 2735 sqquidem
291 2674 460 2729 duplex
496 2683 577 2724 est,
610 2688 698 2715 una
731 2681 796 2715 est
829 2675 1072 2724 intrinseca,
1106 2681 1150 2715 et
1183 2674 1268 2715 alia
1303 2674 1564 2715 extrinseca.
1585 2680 1651 2706 wise
1664 2681 1797 2713 expendi-

1584 2721 1655 2745 [ιιι-ε,
1666 2716 1727 2748 just

54 2770 57 2772 -
87 2743 154 2784 Et.
181 2757 264 2797 ego
295 2743 530 2785 declarabo
561 2745 642 2785 tibi
681 2758 797 2784 nunc
829 2745 1126 2785 extrinsecam
1160 2743 1363 2785 videlicet
1402 2751 1449 2785 ut
1485 2758 1563 2789 rex
1583 2751 1724 2800 rvr-W&

0 3084 7 3126 vv
0 2805 5 3065 -—---<--⁴.-.-
