1908 3126
1051 41 1106 96 98

38 175 68 211 1·
394 157 643 212 Capitulum
661 168 744 210 .27.
763 157 815 198 de
829 156 1198 198 commendacione
1219 154 1415 197 doctrine
1432 154 1710 209 precedentis,
1730 154 1822 196 sive

329 229 380 270 de
401 229 598 271 utilitate
620 242 694 270 sue
714 227 924 269 doctrine.

41 332 148 372 rouo-w
162 331 219 358 this
480 322 757 370 Alexander,
776 321 956 375 quando
972 319 1231 375 cognoveris
1255 320 1412 360 datum
1436 313 1754 367 documentum
1777 325 1821 360 et
1878 342 1903 381 εἰ

39 368 170 393 domme
222 409 260 443 77
279 412 308 433 a.
459 405 594 446 opere
641 390 945 444 compleveris,
988 388 1132 445 facilet
1181 396 1226 431 te
1268 403 1357 430 non
1407 389 1602 443 indigere
1645 389 1821 431 medico
1876 381 1903 407 ω’

39 472 94 497 and
108 480 165 504 you
180 471 236 497 will
250 477 299 497 not
330 466 534 516 tempore
565 468 661 503 toto
691 461 781 502 vite
813 467 901 513 tue,
936 473 1036 501 cum
1073 460 1158 501 Dei
1191 458 1422 512 adjutorio.
1488 455 1727 500 Sciendum
1755 464 1823 501 est

39 506 110 532 need
124 515 141 531 a
156 506 263 532 doctor*
330 531 483 585 utique
506 532 625 585 quod
645 545 802 585 graves
826 529 1106 571 infirmitates
1126 543 1212 583 que
1229 535 1497 583 generantur
1514 542 1573 569 ex
1595 529 1822 571 caliditate

39 604 226 666 {jsrsiggicffl-
329 601 398 641 vel
436 616 494 643 ex
532 602 721 655 periodis
736 601 764 652 ¹,
798 607 841 642 et
879 614 937 641 ex
974 614 1103 641 cursu
1143 599 1243 640 lune
1274 605 1612 653 cognoscuntur,
1641 612 1695 640 an
1734 599 1822 641 sint
1898 651 1899 654 Ἴ

329 671 483 713 breves
507 685 563 713 an
585 672 786 726 longeve‚
811 678 855 713 et
887 671 1026 712 eciam
1051 683 1108 710 ex
1135 670 1275 724 signis
1298 669 1638 724 precedentibus
1661 682 1822 724 cogno-

325 741 464 792 scitur
496 743 552 784 ad
585 756 718 797 quem
750 741 883 782 finem
910 742 1101 801 debeant
1131 740 1372 794 pervenire.
1435 739 1495 780 Et
1518 753 1602 794 ego
1624 740 1755 781 docui
1777 745 1823 781 te
1891 731 1897 742 ³

327 810 527 861 fideliter,
564 820 607 854 et
645 812 819 854 ostendi
855 811 1046 852 breviter
1082 810 1319 851 divisiones
1356 816 1400 851 et
1437 810 1718 865 cogniciones
1753 809 1821 850 in-

327 880 604 923 firmitatum.
669 882 730 924 Et
764 882 807 922 in
841 895 959 935 aqua
991 881 1192 922 similiter
1221 887 1288 922 est
1313 880 1488 934 signum
1518 881 1754 934 probatum
1779 878 1822 921 in
1866 872 1897 939 ‘¹

327 951 409 992 hiis
444 953 587 1002 rebus,
624 960 690 994 set
728 953 1017 1006 precedencia
1050 952 1176 1005 signa
1215 958 1317 992 sunt
1352 951 1536 992 meliora
1568 956 1610 991 et
1640 950 1823 1002 veriora,
1849 949 1858 957 ’
1879 941 1894 985 ·'',

37 1029 295 1090 gggfingft‘ouffiss,
327 1022 440 1063 sicut
463 1023 758 1064 determinavi
783 1023 827 1063 in
852 1022 964 1063 libro
986 1021 1037 1063 de
1059 1023 1198 1076 aquis.
1263 1022 1324 1062 Et
1354 1021 1434 1062 hec
1457 1022 1582 1076 signa
1603 1020 1823 1063 sufficiunt
1879 1011 1908 1080 '-

300 1083 306 1095 ’
328 1092 388 1132 illi
407 1094 485 1147 qui
508 1100 632 1135 tenet
657 1094 769 1135 bene
791 1094 832 1134 in
858 1094 1072 1134 memoria
1095 1093 1344 1134 doctrinam
1369 1092 1484 1133 illius
1505 1092 1619 1140 libri,
1641 1092 1755 1134 sicut
1777 1098 1821 1133 et
1866 1103 1868 1106 ·
1887 1085 1908 1106 ³

37 1168 287 1230 gpffnggitgsselgqok
327 1164 578 1205 continetur
607 1164 650 1204 in
681 1164 794 1205 libro
821 1178 953 1217 quem
982 1163 1065 1205 feci
1095 1163 1146 1204 dc
1177 1163 1405 1205 medicinis
1428 1163 1681 1217 compositis,
1705 1169 1748 1204 et
1775 1163 1820 1204 in
1845 1219 1848 1222 ψ

244 1223 250 1234 ’
329 1233 638 1287 potacionibus
675 1234 987 1287 artificialibus,
1028 1235 1069 1274 in
1115 1234 1353 1288 unguentis
1392 1233 1604 1275 confectis
1641 1240 1684 1274 et
1729 1247 1821 1274 ern-

329 1303 520 1357 plastris,
543 1306 785 1346 secundum
806 1306 1006 1346 ordinem
1027 1311 1071 1346 et
1091 1311 1232 1345 artem
1253 1303 1510 1353 Grecorum,
1530 1304 1808 1346 Ytalicorum
1869 1301 1876 1308 ’

1815 1340 1824 1358 2

331 1372 560 1426 Indorum,
584 1381 627 1415 et
652 1375 899 1425 Persarum,
924 1375 966 1414 in
989 1374 1148 1427 quibus
1170 1374 1340 1415 nullum
1359 1375 1717 1429 experimentum
1740 1374 1824 1416 fuit
1874 1419 1880 1426 k

38 1463 123 1487 many
136 1454 248 1514 usefu1h
328 1443 477 1485 fallax.
543 1444 662 1499 Quia
685 1445 818 1500 igitur
841 1452 1009 1486 secreta
1028 1445 1111 1486 ista
1136 1444 1261 1485 utilia
1278 1450 1400 1485 erant
1423 1444 1609 1497 sepulta,
1628 1459 1679 1486 eo
1701 1445 1822 1498 quod
1854 1479 1856 1482 .

38 1495 204 1549 {5232}oe
219 1494 229 1514 t
252 1497 298 1514 ere
329 1514 654 1569 ignorabantur
669 1529 748 1555 nec
765 1515 1099 1555 inveniebantur
1118 1528 1453 1568 usquequaque,
1471 1515 1572 1556 ideo
1590 1514 1820 1569 indignum
1866 1537 1886 1557 2·

331 1597 428 1624 esse
450 1585 623 1625 decrevi
648 1585 683 1625 si
706 1593 829 1626 tuam
855 1586 1040 1627 laterent
1064 1585 1366 1626 clemenciam.

388 1653 458 1695 De
471 1654 621 1708 gloria
643 1655 940 1697 inestimabili.

41 1735 103 1773 ‘rhe
117 1740 198 1767 great
214 1733 300 1760 medi·
392 1724 591 1778 Dignum
615 1726 769 1779 utique
791 1733 857 1767 est
892 1732 939 1766 ut
971 1732 1020 1766 tu
1054 1725 1165 1766 scias
1199 1739 1407 1780 magnam
1441 1725 1702 1767 medicinam
1736 1739 1823 1779 que
1883 1739 1886 1742 ⁴

39 1778 110 1795 une*
219 1811 257 1845 77
277 1804 308 1835 b.
332 1795 489 1836 dicitur
511 1798 519 1814 ‘
536 1795 677 1850 gloria
702 1795 1028 1837 inestimabilis’
1059 1794 1065 1837 l
1093 1810 1179 1850 que
1202 1797 1336 1837 etiam
1359 1803 1542 1837 vocatur
1570 1797 1822 1838 ‘thesaurus
1883 1810 1886 1816 ·

38 1873 287 1941 gihghtilgssglfers.
331 1864 735 1919 philosophorum&
821 1867 921 1921 Ego
972 1866 1192 1920 siquidem
1241 1879 1466 1920 nunquam
1516 1868 1693 1921 percepi
1742 1880 1822 1909 nec

329 1936 545 1977 veraciter
578 1937 680 1978 novi
707 1937 805 1991 quis
835 1950 933 1977 eam
965 1937 1191 1979 invenerit.
1254 1936 1451 1991 Quidam
1479 1937 1596 1977 enim
1620 1944 1822 1980 asserunt
1862 1952 1887 1994 <5

1728 2012 1738 2027 1
1874 2022 1878 2029 ι

39 2038 285 2106 ffifgggggggeat
330 2035 450 2087 quod
469 2033 620 2075 Adam
647 2033 774 2075 fuerit
798 2035 891 2089 ejus
915 2035 1128 2076 inventor.
1191 2035 1285 2076 Alii
1316 2035 1468 2099 dicunt
1494 2037 1615 2089 quod
1640 2034 1822 2078 Escula-
1864 2031 1875 2070 ss

717 2098 730 2112 2

331 2120 441 2175 pius,
485 2127 528 2161 et
575 2120 887 2175 Hermogenes
930 2121 1141 2172 medicus,
1177 2099 1352 2170 Hiifos,
1395 2128 1439 2163 et
1483 2100 1734 2174 Donasties,
1777 2129 1821 2164 et
1853 2117 1885 2170 ,j

952 2180 965 2198 6
1880 2179 1886 2198 ἰ

330 2183 540 2248 Vatildos
575 2207 759 2258 Hebrei,
793 2215 836 2250 et
869 2207 1031 2259 Dioris,
1063 2215 1106 2249 et
1141 2186 1318 2255 Caram,
1353 2207 1532 2263 gloriosi
1563 2208 1819 2264 philosophi
1867 2224 1869 2230 ¹

330 2277 405 2330 qui
432 2283 534 2318 sunt
563 2276 624 2327 82,
648 2278 810 2331 quibus
843 2279 998 2319 datum
1032 2284 1097 2318 est
1129 2292 1309 2320 noscere
1342 2286 1510 2320 secreta
1532 2279 1817 2320 scienciarum

38 2348 247 2415 iffgsissssss'ssf‘d
330 2359 417 2399 que
440 2345 638 2387 latebant
671 2361 822 2388 omnes
852 2347 1062 2389 homines.
1128 2348 1206 2389 Isti
1234 2355 1334 2390 sunt
1364 2349 1438 2402 qui
1465 2349 1752 2403 inquisierunt
1775 2356 1818 2390 et
1850 2356 1852 2359 '

38 2417 176 2442 naturalt
201 2417 207 2422 '
1580 2424 1588 2429 -

180 2417 271 2450 hmgs,
384 2449 393 2469 ¹
429 2449 511 2486 Hic
531 2448 699 2487 sumitur
720 2463 791 2499 pro
812 2449 989 2488 motibus
1010 2449 1278 2497 circularibus,
1302 2464 1394 2489 nam
1426 2454 1434 2470 ‘
1449 2451 1637 2502 periodus
1655 2452 1663 2468 '
1691 2452 1819 2492 Grece

329 2511 387 2541 est
410 2503 644 2542 ‘circuitus’
668 2504 822 2552 Latine,
845 2518 867 2542 a
890 2509 897 2524 ‘
915 2503 996 2554 peri
1015 2506 1022 2520 '
1043 2506 1154 2554 quod
1176 2513 1234 2544 est
1258 2509 1266 2525 ‘
1280 2507 1430 2545 circum
1448 2507 1456 2523 '
1477 2515 1515 2545 et
1538 2507 1686 2546 ‘odos'
1707 2509 1816 2558 quod
1859 2527 1862 2532 ·

328 2566 387 2596 est
411 2557 497 2596 ‘via
511 2560 529 2596 ².
919 2559 931 2578 ²
966 2572 997 2607 7.
1022 2559 1173 2598 written
1194 2560 1323 2599 above
1345 2563 1380 2599 8.

372 2668 392 2697 3
417 2658 571 2698 Chapter
588 2660 668 2689 lxiv.
692 2659 728 2690 V.
895 2671 936 2691 22
962 2660 1115 2700 Chapter
1131 2660 1199 2692 lxv.
1225 2661 1262 2693 V.
1310 2661 1395 2693 This
1412 2661 1562 2702 heading
1578 2662 1607 2693 is
1624 2662 1763 2694 written
1779 2652 1836 2694 as*
1872 2651 1882 2678 ⁴²

329 2716 404 2750 part
422 2711 460 2741 of
474 2712 533 2741 the
551 2717 635 2743 text.
1880 2709 1881 2719 ¹
