1908 3126
792 113 848 153 49

136 217 203 257 De
226 216 342 270 regis
362 216 627 257 abstinencia
650 229 676 254 a
701 214 979 269 multiloquio.

137 287 177 329 O
201 285 474 337 Alexander,
494 298 628 338 quam
652 285 899 338 speciosum
922 292 985 326 est
1009 291 1051 326 et
1075 284 1364 326 honorificum
1392 285 1432 325 in
1456 299 1556 339 rege
1575 297 1798 330 Akingshould

77 357 297 398 abstinere
337 370 383 396 se
419 369 444 396 a
481 354 770 408 multiloquio,
809 355 889 396 nisi
933 355 1170 397 necessitas
1209 355 1292 396 hoc
1330 355 1554 408 deposcat.
1574 332 1783 399 ggcegffigmch

80 425 239 467 Melius
261 425 376 466 enim
404 431 469 465 est
492 424 609 478 quod
632 438 754 465 aures
785 424 1012 464 hominum
1035 425 1120 465 sint
1143 437 1314 478 semper
1335 423 1557 466 sitibunde

42 509 59 542 5
78 495 133 537 ad
152 495 264 549 regis
281 494 457 547 eloquia
474 508 607 548 quam
629 494 717 534 suis
741 492 946 535 affatibus
969 495 1201 542 sacientur,
1223 494 1326 548 quia
1349 494 1557 536 saturatis
1575 543 1606 560 or
1621 533 1663 559 his
1677 533 1802 565 πωπω

79 565 257 607 auribus
303 565 449 605 anima
490 570 722 614 saturatur,
767 569 809 604 et
852 571 955 605 tunc
997 577 1083 605 non
1136 563 1323 605 multum
1375 564 1558 606 libenter
1577 567 1631 594 ΜΗ
1647 567 1790 605 ¹0⁵21heif

79 635 262 676 audiunt
287 632 294 689 Ι
326 647 472 689 regem
495 639 766 674 saturantem
784 631 812 673 ¹.
1577 608 1685 687 ῗέρζῗῐ
1700 601 1823 629 sorhnn'

138 703 207 744 De
227 703 499 744 abstinencia
521 703 635 756 regis
657 717 684 743 a
705 703 916 744 consorcia)
939 703 1219 745 subditorum.

139 774 281 815 Decet
304 774 442 815 eciam
467 786 612 827 regem
637 772 855 813 abstinere
881 781 923 815 et
951 787 1038 814 non
1066 773 1255 814 multum
1283 773 1560 827 frequentare
1576 779 1823 847 gssffigjitssvxgiiffh

22 863 61 885 10
79 843 351 885 consorcium
392 842 681 889 subditorum,
725 849 767 883 et
810 844 1005 884 maxime
1046 843 1194 884 vilium
1242 857 1528 897 personarum
1549 861 1558 894 ;
1577 848 1768 881 hissubi'eets-

79 913 183 967 quia
200 913 335 953 nimia
353 912 624 953 familiaritas
647 913 877 953 hominum
901 912 1077 954 honoris
1104 914 1218 967 parit
1241 920 1560 967 contemptum.

143 1034 391 1088 Capitulum
439 1047 471 1077 ,Ι
485 1047 518 1075 2.
569 1034 620 1076 de
667 1033 969 1075 consuetudine
1018 1035 1180 1088 optima
1227 1047 1377 1087 regum
1423 1034 1562 1086 Indie,

78 1106 236 1147 scilicet
256 1105 307 1145 dc
328 1119 438 1146 rara
458 1119 604 1146 eornm
622 1105 891 1158 apparicz‘one
910 1118 1057 1145 coram
1082 1103 1369 1154 umltz'tndine,
1390 1110 1431 1144 et
1450 1102 1566 1157 qnod

81 1183 181 1217 tunc
202 1175 384 1216 debeant
390 1175 546 1228 facere
571 1174 815 1229 magmfica.
857 1170 861 1174 ’

26 1296 62 1329 15
199 1273 237 1313 T
281 1280 461 1327 propter
505 1272 588 1313 hoc
632 1272 780 1326 pulcra
827 1279 893 1313 est
940 1274 1212 1314 consuetudo
1255 1272 1465 1314 Indorum
1518 1272 1561 1313 in
1581 1277 1810 1339 ffnhffigffiffnngscff

198 1342 531 1397 dispensacione
548 1343 670 1398 regni
690 1350 732 1384 et
751 1343 1035 1384 ordinacione
1053 1343 1166 1397 regis
1185 1359 1192 1383 :
1219 1344 1291 1396 qui
1310 1349 1561 1384 statuerunt
1749 1333 1765 1345 ὕ

81 1413 198 1467 quod
225 1427 303 1453 rex
325 1412 460 1454 semel
483 1413 527 1454 in
550 1426 668 1453 anno
691 1419 905 1466 appareat
923 1426 1066 1453 coram
1085 1412 1337 1454 hominibus
1361 1413 1403 1453 in
1425 1412 1560 1466 regali
1578 1418 1829 1480 ffikgsgliggnsczows

66 1488 295 1537 ‘apparatu
328 1490 370 1523 et
408 1489 577 1524 armato
614 1482 849 1533 excercitu,
889 1483 1044 1523 sedens
1086 1481 1356 1523 nobilissime
1399 1482 1440 1523 in
1483 1495 1685 1523 suoayear¹

82 1551 321 1602 dextrario,
346 1559 503 1594 ornatu
531 1566 754 1594 armorum
781 1551 1075 1606 pulcherrimo
1105 1553 1352 1600 decoratus,
1375 1559 1418 1593 et
1446 1559 1562 1593 stare

25 1639 64 1661 20
82 1622 243 1664 faciunt
285 1623 438 1677 vulgus
480 1622 799 1676 aliquantulum
843 1636 868 1662 a
912 1622 1106 1672 remotis,
1147 1621 1317 1662 nobiles
1366 1636 1469 1663 vero
1519 1629 1562 1663 et

82 1692 267 1733 barones
298 1693 412 1733 circa
444 1693 598 1746 ipsum.
662 1692 788 1733 Tunc
820 1691 933 1733 solet
959 1692 1095 1732 ardua
1122 1691 1307 1746 negocia
1339 1692 1562 1745 expedire,

80 1762 223 1803 varios
240 1769 283 1804 et
300 1763 532 1815 preteritos
550 1776 690 1804 rerum
706 1769 885 1804 eventus
903 1762 1136 1813 declarare,
1150 1775 1300 1802 curam
1317 1768 1361 1802 et
1379 1775 1560 1815 operam

83 1845 214 1885 quam
231 1832 341 1874 circa
356 1832 675 1886 rempublicam
692 1831 879 1873 fideliter
893 1831 1028 1885 gessit
1043 1832 1283 1874 ostendere.
1323 1829 1560 1873 Consuevit
1577 1834 1745 1895 §gsgsffgsss’
1760 1836 1817 1862 and

83 1901 157 1943 illa
178 1902 248 1943 die
271 1903 388 1944 dona
408 1901 565 1957 largiri,
583 1909 627 1944 et
651 1903 792 1943 minus
816 1916 910 1944 reos
933 1903 988 1943 de
1010 1902 1253 1943 carceribus
1271 1901 1560 1955 emancipare,
1579 1903 1728 1937 w1⁵0¹¹<³r⁵·

25 1989 62 2021 25
82 1978 125 2014 et
147 1972 351 2026 graviora
373 1973 538 2014 honera
561 1972 763 2022 relevare,
786 1978 829 2013 et
853 1971 990 2012 multa
1013 1972 1085 2025 pia
1108 1985 1241 2024 opera
1263 1984 1502 2013 excercere.

141 2041 288 2083 Finito
317 2055 519 2095 sermone
546 2042 716 2083 sedebit
746 2055 835 2090 reX‚
860 2047 903 2082 et
933 2040 1134 2094 protinus
1156 2047 1354 2094 assurget
1377 2054 1484 2081 unus
1505 2042 1561 2082 de
1578 2046 1799 2107 1333&ssssssss

81 2111 406 2154 collateralibus
429 2113 541 2165 regis
563 2111 892 2166 principalibus,
907 2111 981 2165 qui
1004 2111 1248 2164 sapiencior
1269 2117 1311 2150 et
1335 2110 1560 2152 facundior
1577 2114 1637 2140 rute

81 2181 284 2222 omnibus
316 2181 410 2222 aliis
444 2188 680 2236 reputatur,
703 2187 746 2222 et
778 2181 1006 2223 conabitur
1038 2182 1092 2222 ad
1127 2181 1238 2233 regis
1270 2181 1484 2222 honorem
1517 2187 1560 2221 et

82 2251 517 2293 commendacionem
552 2259 594 2293 et
627 2249 908 2306 manldatum,
942 2251 1111 2305 gracias
1147 2250 1334 2291 referens
1367 2250 1559 2305 glorioso
1578 2261 1620 2295 43
1638 2264 1668 2285 a.

23 2335 65 2367 30
82 2320 181 2362 Deo
213 2322 285 2375 qui
311 2322 372 2362 ita
403 2322 516 2363 bene
543 2322 764 2363 ordinavit
793 2335 970 2375 regnum
1000 2321 1207 2361 Indorum
1240 2320 1358 2373 quod
1386 2321 1441 2362 de
1468 2327 1558 2362 tam

81 2391 280 2444 sapiente
304 2405 405 2445 rege
426 2391 614 2446 patriam
637 2391 871 2439 decoravit,
894 2391 1013 2444 quod
1046 2389 1312 2432 laudabilem
1345 2389 1558 2444 populum

92 2461 302 2502 Indorum
348 2462 691 2512 convenientem,
737 2461 1030 2508 obedientem,
1073 2466 1117 2501 et
1160 2459 1412 2500 unanimem
1456 2474 1557 2501 con-

81 2529 282 2572 firmavit.
334 2530 393 2572 Et
414 2538 518 2585 post
540 2531 691 2573 laudes
707 2531 875 2572 divinas
893 2537 937 2572 et
958 2530 1372 2571 commendaciones
1394 2529 1558 2584 regales
1576 2533 1633 2559 <md
1647 2531 1752 2566 mai-‘2⁶⁵
1767 2533 1814 2559 the

1577 2575 1707 2594 manners
1720 2567 1752 2593 os
1761 2567 1810 2593 the

1577 2601 1643 2628 land
1669 2623 1674 2633 ,

0 2634 18 2697 l.
134 2645 144 2665 ¹
176 2645 216 2685 id
236 2653 306 2693 est,
329 2647 538 2697 loquacem
562 2653 599 2684 et
620 2647 897 2697 garrulantem2

61 2751 72 2760 ⁶
123 2759 143 2779 2
167 2748 320 2789 Chapter
336 2758 392 2778 xv.
415 2746 448 2778 V.

3 2794 7 2819 1
146 2826 209 2849 1⁵90
801 2810 830 2842 E
