1908 3126
1012 40 1065 92 78

291 162 484 203 mundus
502 161 627 214 quasi
643 172 806 213 sponsa
824 170 1007 211 corpore
1025 154 1262 209 completa,
1277 160 1395 196 etate
1413 152 1621 207 perfecta,
1637 150 1782 192 calore

290 232 578 273 inflammata.

4 319 202 354 nsqualities.
356 302 564 344 Estivum
588 308 765 354 tempus
788 306 855 340 est
879 297 1072 339 calidum
1103 302 1148 337 et
1175 297 1353 346 siccum,
1379 295 1420 335 in
1448 308 1538 349 quo
1563 292 1785 334 excitatur

295 373 443 416 colera
465 371 612 413 rubea.
678 371 739 411 Et
761 375 939 424 oportet
963 369 1005 408 in
1028 381 1081 408 eo
1103 380 1259 408 cavere
1281 365 1339 407 ab
1361 364 1484 407 omni
1507 363 1627 418 quod
1655 361 1786 403 fuerit
1846 398 1851 401 .

296 444 442 486 calide
456 450 500 484 et
518 442 630 483 sicce
648 438 975 493 complexionis
990 438 1089 492 plus
1102 436 1225 491 justo
1242 453 1250 477 :
1274 436 1443 479 excitat
1459 435 1576 477 enim
1593 433 1785 476 coleram
1805 444 1824 476 5

300 515 510 555 rubeam:
545 513 602 552 ab
626 525 702 552 esu
718 509 730 532 ¹
760 522 935 564 quoque
957 516 1001 550 et
1029 514 1139 562 potu
1170 514 1213 548 et
1237 521 1263 548 a
1285 507 1422 548 nimia
1454 505 1688 547 saturitate
1721 511 1788 543 est

298 582 629 632 abstinendum,
651 595 705 622 ne
727 580 845 622 calor
867 578 1077 620 naturalis
1099 578 1400 631 extinguatur.

9 666 211 696 Suitablediet
225 666 267 692 for
361 652 586 696 Comedas
627 651 670 692 in
707 649 790 693 eo'2
828 649 1041 704 quicquid
1080 656 1146 691 est
1184 648 1341 704 frigide
1376 654 1419 688 et
1454 646 1635 688 humide
1669 658 1789 686 com-

8 704 147 731 summer'
300 723 535 779 plexionis,
558 728 606 763 ut
629 728 733 763 sunt
756 733 905 763 carnes
927 719 1111 760 vituline
1143 733 1244 760 cum
1267 724 1395 760 aceto
1418 724 1462 760 et
1484 717 1725 766 cuncubste,
1747 721 1793 757 et

301 794 410 848 pulli
443 792 649 848 saginati,
679 792 962 846 pulmentum
997 803 1186 844 quoque
1207 804 1266 831 ex
1297 789 1436 830 farina
1467 788 1605 837 ordei,
1628 787 1793 828 fructus
1813 796 1854 821 10

303 877 483 919 quoque
525 863 613 904 acri
649 862 831 916 saporis,
869 868 912 902 et
953 861 1070 901 mala
1108 861 1236 911 acria,
1272 866 1317 902 et
1351 859 1670 913 malagranata.
1732 856 1832 911 Et,

10 947 175 977 Cautionin
187 947 283 974 blood
303 948 443 977 venus
465 947 598 988 parce
621 939 800 987 petatur
817 938 894 972 aut
917 931 1060 984 magis
1081 931 1202 972 nullo
1226 931 1388 980 modo3
1424 929 1481 970 ab
1504 928 1626 970 omni
1642 927 1792 968 minu-

10 984 122 1016 lettmg,
135 982 188 1009 &C
304 1006 430 1048 cione
452 1004 678 1046 abstineas
701 1003 783 1043 nisi
806 1015 985 1043 necesse
1007 1001 1137 1042 fuerit
1159 1000 1320 1042 valde'
1310 1014 1354 1041 1n
1376 999 1566 1054 organis
1585 1006 1627 1040 et
1648 1003 1795 1038 motus

303 1076 503 1130 corporis
536 1075 625 1114 sive
657 1072 818 1115 balnea
847 1072 1096 1114 habeantur
1128 1085 1269 1125 parce.
1334 1070 1642 1112 Comedantur
1674 1080 1793 1120 ergo,

305 1153 353 1188 ut
403 1145 653 1200 predictum
691 1151 770 1192 est,
812 1144 853 1184 in
888 1144 974 1185 isto
1015 1149 1216 1197 tempore
1251 1141 1409 1195 frigida
1443 1147 1486 1182 et
1519 1139 1717 1188 humida,
1749 1143 1857 1181 ut15

195 1217 237 1258 63
254 1227 285 1249 a.
306 1216 553 1270 frigiditate
605 1214 856 1267 calliditatis
906 1212 1134 1262 violencia,
1177 1218 1220 1253 et
1268 1211 1535 1253 humiditate
1587 1207 1799 1250 siccitatis

16 1297 181 1327 Contraries
194 1305 242 1323 are
309 1286 485 1328 malicia
530 1285 808 1339 reprimatur.
872 1283 1087 1326 Similiter
1122 1296 1200 1338 per
1233 1281 1410 1335 singula
1451 1280 1554 1321 anni
1592 1287 1796 1333 tempora

16 1333 233 1396 fiffi‘gsiycon'
308 1362 487 1411 oportet
511 1355 631 1409 quod
656 1354 873 1396 contraria
895 1354 1124 1395 contrariis
1152 1358 1370 1394 curentur.

354 1441 627 1514 ”Capitnlmn
651 1471 732 1501 .12.
755 1460 806 1500 de
828 1467 1066 1514 anlnmpno
1087 1466 1129 1500 et
1150 1458 1363 1513 regimine
1382 1456 1594 1499 sanitatis
1616 1457 1663 1498 in
1684 1468 1742 1499 eo·

20 1571 148 1596 Autumn
164 1566 263 1599 begins
427 1548 685 1601 Utumpnus
730 1554 835 1588 tunc
892 1546 1044 1601 incipit
1087 1547 1268 1600 quando
1310 1545 1388 1588 Sol
1432 1545 1565 1586 intrat
1610 1543 1803 1599 primum
1825 1550 1866 1573 20

19 1601 287 1664 ἕξῖἶῗξῗῗὴῗὲἶηᾱ
428 1618 613 1672 gradum
648 1617 760 1670 signi
781 1616 928 1658 —Libie
955 1624 999 1658 et
1028 1616 1223 1658 continet
1252 1616 1335 1659 .88.
1365 1616 1460 1657 dies
1492 1622 1536 1657 et
1564 1624 1644 1668 ..17
1672 1614 1804 1655 horas

21 1673 90 1699 lasts
110 1673 140 1698 88
154 1671 226 1702 days
241 1679 271 1702 17

19 1705 223 1737 hoursand36
315 1696 358 1730 et
394 1696 490 1731 tres
521 1688 754 1740 quintenas
789 1686 929 1737 hore,3
967 1687 1051 1729 hoc
1089 1694 1169 1735 est,
1204 1700 1229 1727 a
1265 1697 1351 1736 2.4.
1390 1686 1462 1727 die
1498 1683 1805 1740 Septembris⁴

22 1741 146 1767 minutes
159 1739 183 1764 fr
172 1748 210 1765 roi
205 1748 231 1764 m

22 1773 237 1836 {eptemIber
203 1779 278 1805 24t0
315 1772 455 1812 usque
477 1758 532 1798 ad
557 1769 638 1798 .22.
665 1757 783 1798 diem
809 1758 1085 1800 Decembris.

53 1818 131 1837 ecem
141 1817 183 1834 )‘el
197 1817 228 1833 22

364 1876 377 1897 ¹
407 1876 550 1914 calido.
954 1900 956 1902 -
1108 1874 1120 1893 ²
1148 1881 1340 1934 tempore.

367 1931 452 1970 3id
483 1939 553 1977 est,
585 1929 744 1980 quintas
776 1930 873 1967 hore
903 1942 981 1979 que
1009 1937 1101 1967 sunt
1124 1930 1198 1979 .36.
1231 1928 1394 1976 minuta,
1422 1927 1516 1978 quia
1545 1942 1626 1968 .12.
1653 1926 1808 1966 minuta
1828 1935 1866 1967 25

313 1994 406 2026 sunt
427 1999 507 2024 una
527 1986 676 2035 quinta,
700 1983 794 2034 quia
814 1985 911 2022 hora
933 1984 1054 2023 habet
1076 1986 1153 2022 ,6.ο
1177 1983 1342 2022 minuta.

370 2044 382 2063 ⁴
412 2043 450 2079 Α
488 2053 566 2101 2.4,
609 2041 668 2077 dle
704 2039 933 2090 Septembrzs
971 2045 1046 2086 eta,
1080 2040 1131 2078 de
1164 2052 1242 2089 qua
1276 2052 1359 2077 non
1393 2037 1514 2077 habet
1553 2036 1627 2076 nisi
1667 2038 1807 2076 horam

317 2104 393 2136 et.
403 2109 462 2147 25.
494 2095 670 2133 minuta:
707 2108 823 2144 nsque
852 2096 907 2132 ad
934 2107 1011 2133 ,22.
1042 2095 1140 2132 diem
1171 2094 1402 2140 Decembris,
1433 2099 1520 2131 ela:
1561 2100 1619 2132 set
1650 2091 1681 2131 si
1712 2093 1809 2131 hora

317 2160 385 2191 et.
395 2164 454 2202 25.
480 2150 634 2189 minuta
654 2151 751 2188 hore
772 2150 823 2188 de
844 2158 941 2196 ,0.24
963 2148 1029 2188 die
1051 2147 1297 2199 Septembris
1310 2149 1511 2187 addantur
1531 2148 1607 2186 ad.
1617 2161 1677 2186 22.
1700 2146 1809 2186 diem

321 2205 570 2252 Decembris,
603 2213 641 2243 et
671 2204 723 2243 ab
755 2205 833 2242 hoc
864 2211 950 2243 toto
979 2205 1237 2243 a.uferantur
1248 2216 1306 2253 17.
1344 2205 1442 2242 hore
1472 2209 1511 2241 et
1542 2204 1618 2253 ..36
1643 2201 1808 2250 minuta,
1831 2209 1873 2242 50

28 2264 269 2292 Areasonffou‘
317 2261 584 2301 remanebunt
607 2271 654 2308 ..7
684 2260 781 2298 hore
808 2267 846 2298 et
876 2272 952 2309 ..49
987 2258 1139 2298 minuta
1164 2260 1215 2298 de
1248 2273 1323 2298 ..22
1353 2259 1419 2297 die
1456 2256 1704 2304 Decembris,
1731 2269 1810 2307 que

27 2299 207 2328 calculation
318 2319 417 2356 hore
438 2323 476 2355 et
498 2317 653 2353 minuta
673 2322 787 2353 erunt
810 2315 861 2353 de
882 2315 1037 2364 hyeme,
1065 2327 1088 2352 a
1113 2314 1259 2364 quibus
1287 2313 1438 2352 scilicet
1466 2313 1634 2392 hyemps
1661 2310 1810 2362 incepit

318 2380 499 2422 ternpore
522 2369 756 2408 Aristotelis.

375 2427 451 2465 Vel
481 2424 537 2464 sic
577 2433 615 2464 et
654 2424 819 2463 facilius.
879 2425 916 2462 A
957 2438 1033 2471 ..24
1075 2423 1321 2474 Septembris
1360 2424 1412 2462 de
1450 2436 1530 2473 qua
1567 2435 1649 2461 non
1690 2421 1811 2460 habet

319 2489 565 2531 autumpnus
606 2478 680 2518 nisi
722 2491 795 2530 ..25
844 2479 998 2517 minuta
1035 2487 1074 2518 et
1114 2492 1236 2517 unam
1285 2479 1436 2526 horam,
1476 2485 1536 2517 set
1579 2476 1812 2528 incipiendo
1833 2480 1873 2512 35

320 2544 588 2585 autumpnum
610 2534 662 2573 ab
683 2534 759 2572 illis
782 2547 855 2586 .25.
881 2533 1044 2572 minutis
1060 2541 1099 2573 et
1120 2534 1217 2573 hora
1233 2546 1313 2572 una
1335 2540 1428 2580 ..24e
1452 2532 1531 2572 diei
1553 2529 1811 2583 Septembris,

372 2648 412 2677 19
436 2637 591 2677 Chapter
607 2637 674 2668 xlv.
699 2636 735 2667 V.
872 2645 911 2665 21
938 2634 981 2665 88
994 2634 1025 2666 d.
1046 2644 1063 2674 7
1076 2643 1117 2664 m.
1135 2643 1179 2673 30
1191 2643 1258 2664 sec.
1309 2633 1404 2666 Com.
1421 2631 1513 2672 Nat„
1533 2644 1565 2674 p.
1585 2643 1662 2672 420.

369 2740 410 2768 34
438 2727 669 2769 Septembris]
689 2726 890 2758 Decembris
908 2725 981 2757 MS.
