1908 3126
1015 61 1072 98 40

7 162 42 212 d
362 164 610 221 Capitulum
645 163 825 205 tercium
856 169 923 204 est
951 163 1127 218 epistola
1159 162 1412 204 Aristotelis
1444 159 1698 202 remissaria
1729 159 1793 201 ad
1898 150 1908 175 ⁸

286 236 544 290 peticionem
575 233 832 276 Alexandri
861 234 907 274 in
939 247 1025 287 qua
1056 232 1310 274 Alexandro
1347 230 1624 284 conquerenti
1655 230 1708 271 de
1743 245 1788 271 eo

297 306 451 362 incipit
470 305 727 359 satisfacere
743 304 821 344 sab
838 303 917 345 lzac
927 305 1088 357 forma
1101 319 1114 344 .·
1147 309 1191 343 et
1210 302 1263 343 de
1284 301 1476 343 utilitate
1494 299 1600 342 libri
1617 301 1787 353 cogniti,

296 383 336 416 ct
357 375 466 431 qnid
472 376 597 428 facit
603 377 791 428 fervens
810 373 1077 415 desiderium
1101 372 1146 415 ilc
1164 372 1286 414 omni
1304 387 1360 412 re.
1641 377 1645 380 ’

5 480 280 542 ῗὲξξὲᾗΰοῑξῗῇῗξξὲᾗζ
456 480 538 520 Fili
571 478 904 534 gloriosissime,
938 478 1180 531 imperator
1207 477 1462 531 justissime,
1486 469 1717 518 confirmet
1745 481 1787 516 te
1808 487 1826 519 5
1904 475 1908 525 ξ

9 550 222 575 ἱΟΑῙΕΧαΗᾶΘΓ·
427 551 550 591 Deus
595 550 638 589 in
689 548 759 589 via
801 547 1097 601 cognoscendi
1145 554 1188 589 et
1232 548 1273 587 in
1312 548 1471 588 semita
1509 546 1705 586 veritatis
1743 553 1805 591 et,
1904 545 1906 551 ⁸

8 600 159 661 iiissgffGOd
173 600 245 634 keep
297 620 488 670 virtutis,
523 628 566 660 et
602 619 813 672 reprimat
849 617 1073 671 appetitus
1106 617 1326 666 bestiales
1360 622 1404 657 et
1440 623 1566 657 tuum
1602 628 1786 668 regnum

299 690 568 738 corroboret,
590 695 635 729 et
665 687 881 727 illuminet
911 694 1035 728 tuum
1071 687 1293 740 ingenium
1320 687 1375 726 ad
1406 699 1533 727 suum
1557 684 1787 725 servicium

300 768 343 801 et
381 760 608 800 honorem.
685 758 829 797 Tuam
867 757 1048 810 quidem
1085 756 1320 810 epistolam
1365 756 1509 809 recepi
1552 753 1788 796 honorifice

298 830 408 871 sicut
435 831 577 879 decet,
600 834 644 870 et
674 827 801 882 plene
830 827 1014 868 intelexi
1037 834 1254 880 quantum
1278 827 1416 867 habes
1439 825 1709 867 desiderium
1734 825 1788 865 de
1815 837 1852 859 10
1906 858 1908 867 ,

8 915 249 954 Ιιηινςῑςεεῑγεα
300 914 398 941 mea
431 912 620 953 persona
652 904 699 938 ut
730 904 879 938 tecum
913 911 1068 947 essem,
1092 897 1254 937 mirans
1281 896 1469 950 qualiter
1500 908 1680 950 possum
1711 895 1786 935 ab·

7 955 253 984 yournwmmn'
298 971 461 1011 stinere
485 970 540 1010 de
562 977 620 1019 te,
642 982 829 1022 arguens
856 959 925 1007 me
947 968 1004 1008 de
1028 967 1113 1007 tuis
1136 966 1342 1020 operibus
1366 980 1520 1020 parum
1548 978 1731 1010 curare..

8 1058 234 1099 ‚lhavexyrittffl
359 1041 493 1081 Porro
519 1040 603 1080 hac
633 1039 689 1080 de
715 1051 846 1079 causa
876 1038 1084 1092 proposui
1110 1044 1153 1078 et
1182 1036 1382 1078 festinavi
1413 1037 1552 1078 facere
1573 1048 1785 1077 canonem

7 1094 248 1161 ζ-Γὲῗῖυζῖιῗὲέῗὲἒῖ
297 1118 372 1151 tue
396 1110 648 1159 clemencie,
665 1109 738 1161 qui
758 1108 838 1149 tibi
856 1109 938 1148 erit
961 1108 1072 1148 libra
1091 1108 1341 1161 ponderans
1363 1113 1518 1148 cuncta
1542 1114 1617 1148 tua
1640 1119 1786 1159 opera,

296 1178 475 1231 suplens
490 1177 607 1218 vices
623 1190 755 1225 meas,
771 1182 814 1216 et
830 1175 982 1229 regula
997 1170 1237 1216 ‘certissima
1251 1175 1305 1216 ad
1324 1175 1469 1216 omnia
1484 1189 1570 1228 que
1588 1173 1788 1224 volueris,
1811 1187 1849 1219 15

239 1293 241 1295 ,
297 1256 340 1290 et
379 1262 465 1302 que
502 1253 759 1288 ostensurus
797 1259 939 1287 essem
979 1246 1014 1286 si
1052 1253 1197 1286 tecum
1239 1259 1419 1298 presens
1456 1258 1612 1286 essem.
1682 1245 1787 1285 Non

296 1319 478 1359 deberes
512 1316 727 1371 siquidem
765 1330 835 1357 me
870 1330 1063 1371 arguere,
1097 1330 1196 1356 cum
1233 1318 1343 1357 scias
1379 1316 1445 1356 vel
1484 1316 1592 1357 scire
1626 1316 1788 1356 debeas

7 1404 64 1430 and
78 1404 172 1443 wopid
186 1414 266 1431 come
296 1389 415 1442 quod
453 1402 541 1429 non
578 1388 740 1428 omitto
775 1387 921 1427 venire
955 1387 1011 1427 ad
1048 1395 1172 1428 tuam
1207 1387 1489 1428 clemenciam
1524 1393 1568 1428 et
1599 1385 1787 1440 gloriam

8 1445 37 1465 to
50 1447 108 1471 you
122 1438 169 1464 ¹f1
185 1439 278 1470 ‘mm'
297 1457 582 1499 clarissimam
607 1463 790 1510 propter
813 1463 1132 1509 contemptum,
1157 1463 1223 1497 set
1246 1448 1349 1510 quia
1375 1456 1567 1509 gravitas
1591 1455 1721 1497 etatis
1744 1462 1788 1496 et
1863 1505 1866 1507 q

187 1551 225 1581 35
246 1542 275 1572 b.
297 1528 504 1569 debilitas
537 1527 733 1580 corporis
763 1527 1143 1567 circumvenerunt
1169 1526 1171 1580 l
1197 1533 1239 1567 et
1274 1526 1560 1567 reddiderunt
1585 1540 1655 1567 me
1677 1539 1788 1578 pon-
1811 1541 1851 1564 20
1878 1529 1882 1532 ⁴

8 1613 257 1646 hutageforbids.
297 1600 504 1639 derosum
531 1603 665 1649 atque
684 1596 925 1637 inhabilem
949 1598 1003 1637 ad
1028 1597 1236 1638 eundum.
1291 1596 1495 1637 Preterea
1511 1597 1633 1649 quod
1656 1596 1788 1637 inter-

298 1668 464 1722 rogasti
487 1674 531 1707 et
560 1667 670 1707 scire
702 1667 926 1708 desideras
956 1674 1023 1708 est
1053 1667 1291 1708 archanum
1324 1666 1413 1707 tale
1443 1667 1562 1720 quod
1596 1666 1789 1706 humana

298 1745 477 1792 pectora
509 1738 585 1777 vix
617 1743 827 1790 poterunt
860 1737 1093 1786 tollerare3
1127 1738 1355 1791 quomodo
1388 1750 1492 1790 ergo
1525 1743 1712 1789 possunt
1746 1737 1786 1776 in

7 1820 175 1880 iisseggcr‘ss‘iff
188 1819 279 1880 {ngare
299 1808 558 1848 mortalibus
582 1807 771 1861 pellibus
795 1808 1006 1862 depingi?
1057 1807 1133 1848 Ad
1158 1807 1261 1848 illud
1288 1808 1436 1861 itaque
1452 1808 1570 1860 quod
1594 1813 1638 1847 te
1660 1808 1789 1848 decet

7 1888 139 1921 divulge:
162 1875 170 1916 Ϊ
231 1873 238 1880 “
299 1879 515 1932 inquirere
538 1884 582 1918 et
609 1877 716 1918 mihi
745 1878 912 1919 licitum
943 1885 1009 1919 est
1039 1886 1243 1930 tractare,
1267 1892 1337 1918 me
1361 1884 1539 1932 oportet
1566 1883 1609 1919 et
1637 1883 1790 1918 teneor
1810 1891 1849 1923 25

297 1963 354 1989 ex
378 1948 531 1989 debito
563 1949 839 2002 respondere,
865 1949 976 1989 sicut
1002 1956 1047 1989 tu
1073 1949 1233 1989 teneris
1255 1963 1311 1989 ex
1334 1948 1488 1988 debito
1511 1948 1790 1989 discrecionis

299 2032 385 2058 non
408 2018 589 2071 exigere
612 2031 638 2058 a
662 2032 732 2058 me
750 2019 940 2072 amplius
957 2032 1014 2058 ex
1038 2019 1122 2060 hoc
1140 2026 1309 2060 secreto
1328 2018 1447 2071 quod
1465 2017 1543 2058 tibi
1567 2018 1726 2058 tradidi
1745 2017 1788 2056 in

8 2095 267 2156 {fi‘e‘ssllf‘ndpfflffiffl'
298 2089 382 2130 hoc
406 2088 529 2130 libro.
595 2088 712 2142 Quia
735 2089 768 2129 si
790 2096 960 2130 attente
982 2078 1026 2130 et
1048 2090 1242 2129 studiose
1266 2089 1421 2142 legeris
1443 2094 1487 2128 e‘t
1516 2086 1789 2128 intellexeris
1880 2111 1900 2127 ¹·-

298 2166 341 2199 ct
374 2159 429 2199 ad
459 2158 641 2212 plenum
673 2159 849 2199 sciveris
877 2173 962 2212 que
985 2159 1026 2198 in
1057 2159 1152 2212 ipso
1176 2159 1466 2208 continentur,
1490 2157 1790 2198 indubitanter

297 2229 430 2269 credo
464 2229 585 2282 quod
620 2241 707 2268 non
742 2229 823 2270 erit
854 2229 963 2269 inter
993 2235 1036 2269 te
1066 2237 1110 2270 et
1140 2228 1246 2269 illud
1277 2229 1395 2281 quod
1429 2228 1539 2268 scire
1565 2227 1788 2268 desideras
1807 2240 1850 2271 30

297 2298 478 2351 aliquod
497 2297 778 2339 obstaculum
797 2314 804 2337 :
829 2300 931 2352 quia
950 2306 1121 2339 tantam
1142 2298 1337 2351 graciam
1363 2298 1486 2338 Deus
1504 2297 1691 2338 contulit
1708 2296 1787 2337 tibi

298 2369 340 2407 in
373 2368 600 2408 intellectu
632 2374 676 2409 ct
708 2368 942 2427 velocitate
976 2369 1135 2423 ingenii
1165 2376 1209 2408 et
1240 2368 1463 2409 literatura
1487 2367 1786 2407 scienciarum.

9 2435 72 2460 “0¹²
85 2442 136 2460 ω’
152 2433 253 2460 ‘mdes'
300 2439 487 2492 Insuper
506 2452 584 2492 per
603 2451 748 2479 meam
770 2439 1342 2492 doctrinamprecedentem
1363 2450 1495 2491 quam
1514 2435 1788 2487 tibi‘tradidi,

7 2468 90 2494 stand
105 2476 153 2501 my

298 2521 374 2560 per
421 2508 612 2561 teipsum
646 2509 812 2560 poteris
839 2509 1169 2562 apprehendere
1205 2516 1247 2548 ct
1282 2506 1511 2560 figurative
1546 2506 1788 2560 intelligere

8 2501 152 2535 teaching.

346 2631 357 2651 1
387 2621 541 2661 Chapter
557 2632 588 2652 v.
614 2621 649 2652 V.

346 2722 383 2748 14
410 2711 510 2753 libra]
529 2712 614 2742 liber
635 2712 666 2741 V
