1908 3126
793 124 840 166 31

82 235 188 283 anni,
220 235 380 282 scilicet,
412 235 462 273 de
490 247 590 281 vere,
619 242 754 281 estate,
783 243 1017 285 autumpno,
1047 244 1085 275 et
1116 237 1258 286 hyeme
1279 250 1350 287 pro
1371 237 1561 287 regimine

85 290 260 330 sanitatis
281 297 319 328 et
342 288 468 339 primo
489 289 539 327 de
561 301 650 327 vere
671 297 708 327 et
730 290 919 339 regimine
941 290 1118 328 sanitatis
1140 290 1178 328 in
1201 304 1260 329 eo.
1418 291 1470 342 (p.
1495 293 1562 342 76)

140 343 402 395 Capitulum
414 357 471 381 11.
504 344 554 381 de
576 350 700 381 estate
721 352 759 381 et
781 343 971 393 regimine
992 346 1169 383 sanitatis
1192 344 1230 382 in
1253 358 1310 383 ea
1413 346 1467 396 (p.
1496 346 1558 396 77}

141 398 394 449 Capitulum.
406 411 462 435 12.
487 399 537 436 de
550 406 774 447 autumpno
788 405 827 436 et
842 398 1031 458 regimine
1048 398 1226 437 sanitatis
1243 398 1282 437 in
1298 413 1356 438 eo.
1415 401 1470 452 <p.
1495 400 1565 452 78)

48 471 67 504 5
141 452 401 503 Capitulum.
413 465 471 501 13.
503 453 554 490 de
575 452 718 501 hyeme
739 460 777 490 et
798 452 989 503 regimine
1010 452 1187 491 sanitatis
1209 453 1247 491 in
1271 467 1327 493 ea.
1413 453 1468 505 (p.
1492 455 1560 505 80)

139 506 399 557 Capitulum.
410 520 467 553 14.
501 507 551 545 de
585 507 852 545 custodiendo
887 508 1017 546 calore
1049 508 1216 546 naturali
1245 516 1284 547 et
1313 508 1390 546 vita
1411 522 1480 558 per
1500 523 1560 547 res

84 560 368 601 convenientes
383 560 546 599 vitando
563 561 788 608 contrarias,
807 560 887 599 sive
902 563 952 600 de
968 562 1296 600 conservantibus
1310 564 1560 613 juventutem

85 624 124 656 et
144 616 262 654 vitam
286 615 614 666 prolongantibus
635 628 725 652 cum
752 615 1079 665 inpinguantibus
1100 629 1243 667 corpus
1265 625 1304 655 et
1331 617 1561 656 maceranti-

85 670 160 710 bus
189 670 270 709 sive
299 669 623 709 calefacientibus
653 677 690 707 et
719 670 1044 709 humectantibus
1066 671 1359 710 macerantibus
1380 681 1418 710 et
1439 671 1562 711 desic-

29 737 69 777 10
87 725 279 764 cantibus.
1413 725 1468 778 (p.
1492 724 1562 778 81)

140 778 411 829 Capitulum.
404 791 480 829 .15.
517 779 568 816 de
598 777 793 816 dixisione
826 780 1000 828 corporis
1035 778 1074 816 in
1107 793 1154 826 4..
1188 788 1330 829 partes,
1360 789 1398 819 et
1432 780 1562 831 primo

85 835 136 875 de
165 832 294 883 capite
333 840 371 872 et
401 832 622 883 egritudine
656 833 740 882 ejus
771 840 809 871 et
839 834 1006 883 qualiter
1037 835 1290 884 cognoscitur
1321 843 1359 873 et
1391 836 1441 873 de
1477 836 1562 884 ejus

85 889 273 928 remedio.
1418 888 1470 940 (p.
1495 889 1563 941 83)

140 942 369 992 Capitulum
392 944 467 980 .16.
500 942 550 980 de
571 949 731 992 pectore
751 949 789 980 et
811 941 930 992 signis
951 941 981 980 si
1004 943 1044 980 in
1064 955 1112 981 eo
1140 942 1188 981 sit
1210 943 1391 993 egritudo
1417 952 1456 982 et
1477 945 1563 993 ejus

30 1016 67 1048 15
86 997 272 1037 remedio.
1417 997 1470 1048 (p.
1495 997 1563 1049 84>

142 1051 371 1102 Capitulum
394 1062 471 1099 .17.
503 1052 554 1089 de
576 1050 688 1088 malis
710 1051 917 1088 oculorum
939 1058 977 1089 et
998 1052 1083 1101 ejus
1105 1051 1302 1090 remediis.
1418 1052 1471 1103 <p.
1495 1051 1564 1103 84>

142 1105 372 1156 Capitulum
394 1136 402 1144 .
416 1107 472 1143 18.
506 1106 556 1143 de
579 1104 770 1144 testiculis
792 1112 830 1143 et
851 1117 989 1144 eorum
1011 1105 1301 1156 egritudinibus
1323 1113 1361 1144 et
1382 1120 1486 1145 cura.

233 1213 239 1220 .
814 1213 820 1219 .
997 1213 1004 1219 .
1419 1160 1473 1213 (1)-
1496 1160 1563 1213 87>

142 1215 372 1264 Capitulum
394 1227 470 1263 ,19.
501 1214 551 1252 de
572 1213 900 1252 conservantibus
922 1221 1131 1253 sanitatem
1162 1222 1359 1265 potenter,
1380 1222 1418 1254 et.
1439 1216 1489 1254 de
1510 1229 1565 1254 re-

30 1285 70 1313 ²0
88 1268 228 1309 mediis
249 1276 386 1308 contra
402 1267 552 1307 febrem
570 1276 608 1306 et
624 1275 775 1318 guttam
794 1275 831 1306 et
849 1268 1091 1319 egritudines
1112 1270 1356 1309 fleumaticas
1373 1277 1411 1308 et
1427 1278 1565 1308 contra

87 1330 320 1375 quartanam
342 1331 380 1361 et
400 1329 538 1361 contra
559 1335 680 1360 omne
696 1335 895 1361 venenum
917 1330 955 1361 et
977 1331 1035 1361 est
1056 1324 1107 1362 de
1129 1323 1336 1362 medicinis
1353 1324 1564 1363 cotidianis

86 1386 125 1419 et
136 1379 188 1417 ad
204 1378 511 1417 confortandum
526 1378 772 1416 intellectum
791 1384 829 1415 et
845 1377 1078 1416 memoriam
1094 1379 1316 1417 secundum
1330 1378 1562 1429 opinionem

0 1475 1 1483 ἵ
86 1432 416 1484 philosophorum
438 1433 658 1471 Grecorum
681 1432 896 1470 Medorum
918 1439 957 1470 et
978 1433 1184 1471 Indorum.
1421 1432 1473 1484 (p.
1497 1432 1565 1485 87)

0 1485 1 1547 J
141 1486 371 1538 Capitulum
394 1500 471 1525 .20.
505 1487 556 1525 de
595 1485 779 1525 custodia
813 1486 953 1525 caloris
992 1488 1180 1525 naturalis
1219 1494 1257 1525 et
1298 1495 1394 1538 quot
1434 1487 1565 1526 modis

0 1549 3 1591 1
29 1552 67 1587 ²5
86 1541 308 1582 destruitur.
1420 1540 1474 1593 (p.
1498 1541 1566 1593 88)

0 1601 3 1667 J
141 1595 371 1647 Capitulum
393 1609 472 1634 ,21.
502 1596 553 1634 de
574 1594 769 1634 divisione
790 1595 986 1633 ciborum.
1422 1596 1475 1647 (p.
1500 1596 1568 1647 89)

0 1672 3 1699 1
141 1650 373 1701 Capitulum
396 1664 470 1688 ..22
503 1651 554 1688 de
576 1649 811 1700 cognicione
830 1663 1035 1712 aquarum.
1418 1650 1473 1702 (p.
1498 1650 1566 1702 90)

142 1704 373 1756 Capitulum
396 1719 428 1742 .2
437 1718 470 1754 3.
503 1705 554 1743 de
573 1703 784 1755 generibus
805 1704 885 1743 vini
906 1712 944 1743 et
966 1706 1051 1754 ejus
1072 1704 1319 1755 cognicione.
1420 1705 1477 1756 (p.
1499 1705 1567 1757 91)

140 1760 368 1810 Capitulum
393 1773 468 1807 .24.
501 1760 551 1797 de
572 1760 931 1797 commendacione
951 1758 1072 1810 sirupi
1093 1759 1242 1798 acetosi
1259 1768 1395 1798 contra
1413 1761 1565 1810 flegma,

30 1824 70 1856 30
85 1821 124 1854 et
152 1813 249 1853 boni
278 1813 358 1852 vini
389 1822 427 1852 et
457 1813 570 1864 panis
600 1815 650 1852 de
676 1815 888 1861 frumento,
911 1814 962 1852 de
989 1813 1218 1853 remocione
1239 1814 1439 1853 ebrietatis
1459 1823 1497 1853 et
1518 1815 1569 1853 de

87 1869 210 1908 modo
239 1869 501 1907 transferendi
530 1869 737 1907 hominem
766 1868 817 1906 ab
853 1881 931 1906 una
960 1868 1252 1908 consuetudine
1282 1870 1334 1908 ad
1362 1868 1493 1916 aliam,
1525 1876 1568 1907 ut

87 1924 138 1963 de
175 1922 387 1974 potacione
421 1922 502 1960 vini
532 1922 619 1973 puri
657 1923 709 1961 ad
742 1936 886 1972 aquam
920 1935 1059 1972 puram
1094 1922 1247 1973 absque
1279 1923 1386 1974 gravi
1418 1923 1570 1962 lesione

89 1985 204 2016 natur
230 2009 238 2016 .
1447 1992 1476 2016 ),

5 2018 8 2079 1
143 1991 374 2094 ῼ3Ξ1111111111
397 2044 473 2081 .25.
506 2032 556 2070 de
589 2031 663 2070 hiis
695 2044 773 2081 que
803 2031 1062 2070 corroborant
1091 2045 1233 2082 corpus
1264 2040 1302 2070 et
1332 1976 1569 2071 00115<ὲ1νὲ111

6 2081 9 2130 1
30 2092 69 2128 35
89 2085 129 2125 111
148 2087 356 2137 juventute
376 2094 414 2125 et
436 2085 764 2136 impinguantibus
784 2093 822 2124 et
845 2085 1149 2124 macerantibus.
1177 2089 1181 2137 1
1419 2085 1474 2137 (p.
1500 2084 1568 2138 94)

7 2151 10 2246 J
144 2140 375 2191 Capitulum
399 2143 474 2179 .26.
507 2142 558 2180 de
580 2139 732 2179 balneis
753 2147 792 2178 et
808 2153 947 2178 eorum
969 2139 1252 2190 disposicione.
1417 2145 1472 2192 <p.
1498 2140 1567 2192 96)
1586 2155 1628 2188 30
1644 2147 1678 2180 b.

142 2194 396 2246 Capitulum
404 2209 422 2233 2
432 2208 464 2244 7
498 2196 548 2234 de
560 2194 878 2234 comendacione
890 2202 929 2233 et
942 2194 1110 2233 utilitate
1122 2194 1374 2234 execucionis
1388 2196 1569 2234 doctrine

9 2280 11 2294 .
89 2249 337 2301 precedentis
367 2257 406 2288 et
435 2249 734 2288 transmissione
762 2250 814 2288 ad
843 2248 941 2288 alios
971 2249 1092 2288 libros
1120 2263 1222 2300 quos
1248 2249 1340 2289 fecit
1371 2251 1421 2289 de
1452 2249 1568 2288 simili

9 2303 11 2334 1
90 2304 263 2344 materia.
1424 2303 1476 2355 (p.
1500 2304 1569 2357 98)

10 2355 12 2380 t
33 2373 75 2406 40
144 2359 375 2409 Capitulum
396 2360 471 2396 .28.
504 2359 555 2398 de
570 2359 852 2409 preparacione
866 2359 994 2396 carnis
1006 2357 1229 2409 viperarum
1243 2358 1324 2397 sive
1339 2366 1567 2409 serpentum

91 2420 130 2452 et
150 2426 287 2452 eorum
308 2414 522 2461 eleccione,
546 2421 584 2452 et
614 2414 665 2452 de
687 2421 868 2463 tempore
888 2426 956 2452 eos
981 2412 1167 2452 sumendi
1188 2421 1226 2452 et
1246 2414 1298 2452 ad
1312 2412 1410 2463 quid
1423 2414 1567 2461 valent,

90 2474 129 2506 et
148 2468 200 2507 de
220 2468 343 2506 modo
363 2467 535 2506 faciendi
556 2467 746 2506 trociscos
766 2481 839 2518 pro
860 2467 994 2506 multis
1014 2467 1317 2517 egritudinibus,
1338 2475 1376 2507 et
1397 2467 1571 2518 loquitur

92 2522 143 2561 de
158 2529 341 2573 serpente
354 2522 520 2561 colubro
535 2529 574 2562 et
595 2523 770 2561 dracone
786 2521 878 2572 quia
893 2535 939 2561 ex
954 2521 1134 2572 quolibet
1156 2535 1293 2561 eorum
1312 2523 1355 2561 fit
1371 2521 1570 2561 medicina

93 2589 246 2627 magna.
1397 2575 1451 2628 (p.
1477 2577 1571 2628 105)

0 2632 76 2683 ’,ς-45
148 2630 378 2681 Capitulum
399 2644 474 2680 .29.
516 2631 567 2671 de
600 2639 682 2670 arte
721 2630 993 2681 componendi
1028 2629 1270 2670 medicinam
1309 2643 1388 2681 que
1426 2630 1570 2671 dicitur

0 2686 17 2720 »⁴
93 2684 230 2724 Gloria
250 2684 534 2724 Inestimabilis
555 2685 637 2724 sive
655 2686 886 2725 Thesaurus
907 2685 1256 2735 Philosophorum.
1303 2686 1355 2725 Et
1376 2687 1504 2736 primo
1519 2687 1570 2725 de

16 2759 17 2765 1
74 2741 390 2790 ·composicione
421 2739 548 2779 mellis
579 2753 660 2790 quo
692 2747 991 2791 componuntur
1024 2748 1116 2779 octo
1148 2739 1347 2780 medicine
1379 2740 1570 2792 speciales

12 2447 13 2466 1

12 2469 14 2487 1
