1908 3126
6 184 99 210 Foods
114 183 204 209 which

3 226 88 244 cause
103 217 206 243 melan-

3 252 95 284 choly.

6 456 136 484 Delicate
151 457 238 485 foods.

5 591 107 622 Which
123 591 174 617 fi>h
190 600 254 623 may

5 627 39 652 be
53 632 137 652 caten
151 633 157 652 ¹.

189 808 224 842 71
247 812 277 833 a.

6 880 98 907 which
113 885 142 906 to
155 880 189 906 be

5 914 138 941 avoided.

8 1351 51 1378 Of
61 1356 172 1378 waters.

9 1474 55 1500 All
71 1480 171 1500 waters
184 1484 263 1501 come

9 1508 79 1534 from
94 1509 142 1535 the
155 1518 213 1535 sea.

13 1832 116 1859 Which
132 1838 232 1858 watets

11 1876 59 1893 are
72 1867 133 1893 best
147 1875 153 1894 t

14 2052 107 2079 which
120 2061 167 2078 arc

13 2087 178 2119 unhealthy.

15 2181 100 2215 sign>-
113 2181 145 2208 os
155 2181 230 2214 good

16 2223 111 2242 water.

198 2259 230 2290 7¹
257 2250 292 2281 l».

1018 57 1074 98 90

354 162 561 217 Quedam
599 176 705 204 vero
742 162 904 203 cibaria
939 169 1039 204 sunt
1081 177 1168 216 que
1207 172 1418 218 generant
1461 162 1788 216 melancoliam,

295 234 406 275 sicut
439 247 542 274 caro
574 232 739 281 bubali,
760 232 952 284 vaccina,
974 233 1119 283 ovina,
1144 241 1187 275 et
1216 247 1371 276 omnes
1397 248 1483 288 que
1512 239 1614 275 sunt
1634 246 1789 286 grosse

296 311 340 345 et
372 304 485 346 sicce
518 310 560 344 et
593 317 759 358 aspere.
822 301 991 357 Aliqua
1017 309 1168 345 tamen
1197 304 1409 346 animalia
1432 318 1489 346 ex
1511 299 1595 347 hiis
1617 302 1784 351 habent

297 374 479 415 subtiles
501 387 654 414 carnes
676 387 761 427 que
783 379 1024 427 pascuntur
1054 374 1097 414 in
1120 374 1312 416 humidis
1343 382 1386 417 et
1400 373 1590 428 aquosis
1610 372 1718 414 locis
1741 380 1785 415 et

296 443 515 485 umbrosis
537 458 546 494 3
579 457 732 484 eorum
757 457 907 484 carnes
929 450 1030 485 sunt
1054 445 1256 485 meliores
1279 452 1323 486 et
1341 445 1544 493 saniores,
1559 440 1784 484 suaviores
1803 460 1823 493 5

296 521 339 556 et
363 513 613 555 molliores.1

360 585 483 625 Idem
517 591 582 625 est
615 584 854 625 dicendum
887 584 942 625 de
975 585 1179 638 piscibus.
1243 582 1484 627 Sciendum
1511 583 1632 638 quod
1655 583 1786 638 piscis

298 668 432 709 parve
454 654 706 696 substancie
728 661 772 696 et
793 654 968 696 subtilis
987 653 1113 708 pellis
1137 662 1180 695 et
1202 656 1339 696 facilis
1363 653 1690 696 masticacionis
1711 654 1786 707 qui

297 725 489 766 nutritus
511 725 567 766 sit
589 725 631 765 in
654 725 781 778 aquis
813 724 1083 766 salinaticis2
1116 726 1405 775 currentibus,
1433 725 1532 767 talis
1557 730 1624 766 est
1650 723 1788 765 levior

296 802 341 837 et
379 795 534 837 melior
561 794 567 850 Ι
595 802 638 837 et
667 796 814 837 sanior
854 810 989 849 quam
1028 796 1100 837 ille
1144 796 1219 850 qui
1263 796 1457 838 nascitur
1491 796 1534 836 in
1572 793 1682 835 mari
1718 793 1786 835 vel
1811 809 1876 855 ιο.

298 867 341 907 in
377 867 493 908 dulci
521 880 649 920 aqua.
714 866 904 920 Oportet
939 881 1046 921 ergo
1080 881 1241 908 cavere·
1268 867 1325 907 ab
1364 866 1445 907 illis
1481 865 1676 920 piscibus
1712 859 1787 918 qui

297 944 398 979 sunt
441 951 602 991 magne
644 937 896 979 substancie
933 937 1043 978 dure
1085 936 1221 991 pellis,
1256 938 1360 992 quia
1402 937 1502 978 talis
1545 935 1677 982 solet,
1694 948 1788 981 esse
1846 930 1855 938 ⁷

296 1021 557 1048 venenosus.
621 1007 683 1049 Et
717 1007 800 1049 hoc
838 1008 893 1048 de
928 1008 1121 1061 piscibus
1154 1009 1210 1049 ad
1246 1022 1424 1062 presens
1457 1007 1654 1054 sufficiat,
1686 1004 1789 1059 quia

298 1078 341 1118 in
361 1077 476 1118 libro
500 1091 633 1130 quem
657 1079 889 1131 composui
921 1078 972 1118 de
995 1077 1237 1131 pulmentis
1266 1084 1309 1118 et
1341 1077 1566 1119 medicinis
1594 1075 1788 1117 invenies

296 1148 563 1189 sufficienter
586 1149 642 1189 de
665 1148 748 1190 ista
772 1149 955 1190 materia
983 1149 1343 1190 determinatum.
1813 1161 1850 1195 ¹5

361 1243 612 1301 Capz'lulum
631 1258 712 1288 ,22.
734 1246 785 1286 de
806 1246 1047 1299 cogm‘cione
1068 1253 1109 1286 ct
1130 1239 1318 1287 natm-as
1339 1259 1569 1299 aquarum.

387 1328 488 1369 Cire
520 1328 656 1369 debes
689 1328 810 1381 quod
843 1341 958 1381 aque
990 1335 1093 1369 sunt
1126 1328 1255 1369 utiles
1286 1327 1466 1369 cuilibet
1498 1326 1663 1368 viventi
1696 1332 1788 1368 tam

397 1398 665 1439 animalibus
717 1412 851 1451 quam
899 1397 1236 1452 vegetabilibus.
1301 1398 1360 1439 Et
1404 1404 1628 1439 memento
1670 1393 1790 1450 quod

300 1468 431 1509 docui
454 1475 499 1509 te
521 1467 789 1509 sufficienter
810 1469 866 1509 de
887 1468 1026 1521 aquis,
1045 1474 1088 1509 et
1111 1469 1215 1509 satis
1235 1469 1406 1510 ostendi
1430 1468 1511 1509 tibi
1533 1467 1654 1522 quod
1677 1480 1792 1521 aque

301 1551 455 1578 omnes
478 1544 571 1579 tam
593 1538 746 1580 dulces
769 1552 903 1592 quam
927 1552 1078 1580 amare
1109 1539 1324 1592 originem
1352 1544 1586 1580 traxerunt
1607 1552 1634 1579 a
1657 1537 1765 1578 mari
1783 1553 1792 1585 3
1811 1558 1855 1579 20

301 1608 357 1648 de
391 1607 473 1649 hac
509 1622 553 1649 re
594 1608 676 1649 feci
712 1608 792 1650 tibi
830 1609 1264 1650 demonstracionem
1302 1609 1597 1651 manifestam.
1660 1608 1792 1649 Nunc

301 1691 433 1732 supra
455 1678 684 1719 sciendum
709 1685 775 1719 est
803 1679 925 1731 quod
958 1679 1142 1721 leviores
1172 1686 1215 1720 et
1238 1681 1433 1722 saniores
1456 1693 1571 1733 aque
1593 1685 1695 1720 sunt
1719 1676 1790 1718 ille

302 1761 389 1801 que
412 1756 515 1789 sunt
568 1762 707 1803 prope
729 1749 931 1790 civitates
960 1757 1002 1791 et
1025 1756 1233 1791 torentes.
1297 1749 1493 1804 Quando
1523 1749 1657 1804 igitur
1677 1755 1793 1790 terra

304 1832 413 1872 pura
437 1826 501 1859 est
521 1833 546 1859 a
569 1820 752 1873 rupibus
775 1833 861 1861 non
885 1820 1150 1862 habundans
1175 1821 1519 1871 fumositatibuS‚
1540 1832 1655 1873 aqua
1677 1817 1794 1859 illius

305 1888 391 1930 loci
415 1896 480 1929 est
514 1888 620 1930 levis
652 1890 825 1944 optima
857 1897 900 1931 et
933 1890 1181 1932 laudabilis.
1244 1891 1380 1945 Aqua
1402 1905 1506 1932 vero
1538 1902 1723 1931 nascens
1753 1888 1795 1929 in
1815 1908 1856 1940 2⁵

305 1965 420 2000 terra
443 1959 643 2013 lapidosa
665 1974 752 2014 que
770 1961 1000 2002 habundat
1018 1961 1349 2002 fumositatibus
1366 1966 1433 2002 est
1451 1960 1595 2014 gravis
1618 1958 1794 2000 infirma

308 2029 535 2071 nocibilis:
579 2037 622 2071 et
659 2045 789 2084 aqua,
823 2032 865 2072 in
900 2045 986 2085 qua
1016 2037 1119 2072 sunt
1158 2045 1259 2072 rane
1295 2038 1339 2072 et
1371 2032 1597 2087 serpentes
1629 2035 1673 2071 et
1705 2028 1792 2070 alia

308 2099 515 2140 animalia
548 2114 782 2151 venenosa,
815 2109 881 2143 est
915 2101 1099 2151 infirma,
1131 2102 1243 2150 sicut
1277 2115 1392 2154 aque
1423 2108 1525 2142 sunt
1566 2099 1795 2155 palustres,

310 2169 448 2222 Signa
465 2170 685 2223 siquidem
704 2172 923 2213 bonarum
940 2185 1155 2225 aquarum
1171 2178 1273 2212 sunt
1288 2171 1368 2212 hec
1386 2187 1394 2211 :
1426 2171 1596 2222 levitas,
1608 2169 1796 2220 claritas,

310 2239 649 2293 albessdo‚bonus
676 2242 797 2291 odor,
817 2243 997 2295 quando
1029 2241 1156 2283 facile
1187 2240 1395 2283 calefiunt
1426 2248 1469 2282 et
1503 2239 1631 2281 facile
1652 2239 1796 2293 friges·
1814 2258 1862 2289 30.

307 2317 424 2359 cunt,
448 2310 490 2350 in
515 2310 677 2351 talibus
699 2312 815 2352 enim
839 2311 1084 2353 delectatur
1108 2302 1276 2353 natura.
1340 2311 1474 2364 Aque
1494 2324 1599 2351 vero
1621 2309 1734 2351 salse
1751 2316 1795 2350 et

363 2415 374 2435 ²
404 2415 565 2464 scilicet,
589 2406 751 2466 prop-ter
771 2429 930 2466 pascua.

362 2469 375 2488 ²
406 2471 483 2509 hoc
504 2479 574 2518 est,
597 2470 709 2510 salsis
729 2484 812 2509 non
834 2478 968 2510 tamen
990 2471 1040 2509 de
1063 2470 1170 2509 mari.

361 2524 373 2544 ²
402 2534 617 2565 currentes.

354 2637 369 2663 7
396 2626 550 2665 Chapter
568 2626 624 2656 lvi.
647 2626 681 2657 V.
826 2627 864 2656 16
889 2625 1040 2665 Chapter
1055 2625 1123 2656 lvii.
1148 2625 1183 2655 l'.

353 2727 392 2756 27
419 2717 519 2759 aqua]
541 2717 572 2747 in
593 2728 678 2757 aqua
698 2716 771 2747 MS.

1902 245 1908 450 l
