<?xml version="1.0" encoding="UTF-8"?>
<!DOCTYPE html PUBLIC "-//W3C//DTD XHTML 1.0 Transitional//EN"
    "http://www.w3.org/TR/xhtml1/DTD/xhtml1-transitional.dtd">
<html xmlns="http://www.w3.org/1999/xhtml" xml:lang="en" lang="en">
 <head>
  <title>
</title>
<meta http-equiv="Content-Type" content="text/html;charset=utf-8" />
  <meta name='ocr-system' content='tesseract 3.04.00' />
  <meta name='ocr-capabilities' content='ocr_page ocr_carea ocr_par ocr_line ocrx_word'/>
</head>
<body>
  <div class='ocr_page' id='page_1' title='image "./operahactenusine05baco_0215.png"; bbox 0 0 1908 3126; ppageno 0'>
   <div class='ocr_carea' id='block_1_1' title="bbox 779 127 854 166">
    <p class='ocr_par' dir='ltr' id='par_1_1' title="bbox 779 127 854 166">
     <span class='ocr_line' id='line_1_1' title="bbox 779 127 854 166; baseline -0.013 -12"><span class='ocrx_word' id='word_1_1' title='bbox 779 127 854 166; x_wconf 86' lang='lat'><strong>141</strong></span> 
     </span>
    </p>
   </div>
   <div class='ocr_carea' id='block_1_2' title="bbox 21 227 1830 1261">
    <p class='ocr_par' dir='ltr' id='par_1_2' title="bbox 73 227 1822 490">
     <span class='ocr_line' id='line_1_2' title="bbox 74 227 1552 286; baseline 0.001 -15"><span class='ocrx_word' id='word_1_2' title='bbox 74 243 127 271; x_wconf 91' lang='lat' dir='ltr'><strong>eo</strong></span> <span class='ocrx_word' id='word_1_3' title='bbox 158 229 371 269; x_wconf 85' lang='lat' dir='ltr'><strong>terminus</strong></span> <span class='ocrx_word' id='word_1_4' title='bbox 402 229 493 269; x_wconf 83' lang='lat' dir='ltr'><strong>sive</strong></span> <span class='ocrx_word' id='word_1_5' title='bbox 526 227 637 279; x_wconf 88' lang='lat' dir='ltr'><strong>finis,</strong></span> <span class='ocrx_word' id='word_1_6' title='bbox 666 229 770 281; x_wconf 89' lang='lat' dir='ltr'><strong>quia</strong></span> <span class='ocrx_word' id='word_1_7' title='bbox 802 235 970 282; x_wconf 86' lang='lat' dir='ltr'><strong>quanto</strong></span> <span class='ocrx_word' id='word_1_8' title='bbox 1004 231 1144 283; x_wconf 83' lang='lat' dir='ltr'><strong>magis</strong></span> <span class='ocrx_word' id='word_1_9' title='bbox 1178 231 1331 272; x_wconf 88' lang='lat' dir='ltr'><strong>crescit</strong></span> <span class='ocrx_word' id='word_1_10' title='bbox 1365 233 1552 286; x_wconf 89' lang='lat' dir='ltr'><strong>pecunia</strong></span> 
     </span>
     <span class='ocr_line' id='line_1_3' title="bbox 73 298 1822 355; baseline 0.002 -15"><span class='ocrx_word' id='word_1_11' title='bbox 73 298 223 341; x_wconf 87' lang='lat' dir='ltr'><strong>crescit</strong></span> <span class='ocrx_word' id='word_1_12' title='bbox 253 298 444 339; x_wconf 82' lang='lat' dir='ltr'><strong>intencio</strong></span> <span class='ocrx_word' id='word_1_13' title='bbox 473 298 726 351; x_wconf 80' lang='lat' dir='ltr'>acquirendi</span> <span class='ocrx_word' id='word_1_14' title='bbox 750 304 793 339; x_wconf 87' lang='lat' dir='ltr'><strong>et</strong></span> <span class='ocrx_word' id='word_1_15' title='bbox 816 298 1085 341; x_wconf 87' lang='lat' dir='ltr'><strong>sollicitudo.</strong></span> <span class='ocrx_word' id='word_1_16' title='bbox 1149 300 1208 342; x_wconf 85' lang='lat' dir='ltr'><strong>Et</strong></span> <span class='ocrx_word' id='word_1_17' title='bbox 1230 299 1312 342; x_wconf 88' lang='lat' dir='ltr'><strong>hoc</strong></span> <span class='ocrx_word' id='word_1_18' title='bbox 1335 301 1377 341; x_wconf 92' lang='lat' dir='ltr'><strong>in</strong></span> <span class='ocrx_word' id='word_1_19' title='bbox 1403 301 1551 355; x_wconf 87' lang='lat' dir='ltr'><strong>bajulo</strong></span> <span class='ocrx_word' id='word_1_20' title='bbox 1573 308 1635 335; x_wconf 81' lang='lat' dir='ltr'><strong>who</strong></span> <span class='ocrx_word' id='word_1_21' title='bbox 1647 309 1725 336; x_wconf 82' lang='lat' dir='ltr'><strong>often</strong></span> <span class='ocrx_word' id='word_1_22' title='bbox 1740 310 1822 343; x_wconf 72' lang='lat' dir='ltr'><strong>bring</strong></span> 
     </span>
     <span class='ocr_line' id='line_1_4' title="bbox 74 343 1758 424; baseline 0.002 -14"><span class='ocrx_word' id='word_1_23' title='bbox 74 375 137 411; x_wconf 82' lang='lat' dir='ltr'><strong>est</strong></span> <span class='ocrx_word' id='word_1_24' title='bbox 171 381 302 409; x_wconf 87' lang='lat' dir='ltr'><strong>causa</strong></span> <span class='ocrx_word' id='word_1_25' title='bbox 339 368 636 421; x_wconf 88' lang='lat' dir='ltr'><strong>corrupcionis</strong></span> <span class='ocrx_word' id='word_1_26' title='bbox 671 369 791 421; x_wconf 79' lang='lat' dir='ltr'><strong>regni</strong></span> <span class='ocrx_word' id='word_1_27' title='bbox 832 368 981 410; x_wconf 87' lang='lat' dir='ltr'><strong>multis</strong></span> <span class='ocrx_word' id='word_1_28' title='bbox 1017 370 1073 410; x_wconf 87' lang='lat' dir='ltr'><strong>de</strong></span> <span class='ocrx_word' id='word_1_29' title='bbox 1107 370 1258 421; x_wconf 88' lang='lat' dir='ltr'><strong>causis,</strong></span> <span class='ocrx_word' id='word_1_30' title='bbox 1297 370 1400 424; x_wconf 88' lang='lat' dir='ltr'><strong>quia</strong></span> <span class='ocrx_word' id='word_1_31' title='bbox 1440 371 1552 413; x_wconf 89' lang='lat' dir='ltr'><strong>forte</strong></span> <span class='ocrx_word' id='word_1_32' title='bbox 1571 343 1758 405; x_wconf 46' lang='lat'><strong>353333311·</strong></span> 
     </span>
     <span class='ocr_line' id='line_1_5' title="bbox 73 437 1552 490; baseline 0.001 -10"><span class='ocrx_word' id='word_1_33' title='bbox 73 451 197 480; x_wconf 84' lang='lat' dir='ltr'><strong>amor</strong></span> <span class='ocrx_word' id='word_1_34' title='bbox 219 437 402 490; x_wconf 84' lang='lat' dir='ltr'><strong>pecunie</strong></span> <span class='ocrx_word' id='word_1_35' title='bbox 425 444 468 478; x_wconf 92' lang='lat' dir='ltr'><strong>et</strong></span> <span class='ocrx_word' id='word_1_36' title='bbox 486 438 617 479; x_wconf 87' lang='lat' dir='ltr'><strong>ardor</strong></span> <span class='ocrx_word' id='word_1_37' title='bbox 640 437 818 479; x_wconf 87' lang='lat' dir='ltr'><strong>inducet</strong></span> <span class='ocrx_word' id='word_1_38' title='bbox 841 451 942 478; x_wconf 86' lang='lat' dir='ltr'><strong>eum</strong></span> <span class='ocrx_word' id='word_1_39' title='bbox 966 439 1022 480; x_wconf 89' lang='lat' dir='ltr'><strong>ad</strong></span> <span class='ocrx_word' id='word_1_40' title='bbox 1045 445 1168 480; x_wconf 86' lang='lat' dir='ltr'><strong>tuam</strong></span> <span class='ocrx_word' id='word_1_41' title='bbox 1194 446 1382 482; x_wconf 86' lang='lat' dir='ltr'><strong>mortem</strong></span> <span class='ocrx_word' id='word_1_42' title='bbox 1405 440 1472 482; x_wconf 90' lang='lat' dir='ltr'><strong>vel</strong></span> <span class='ocrx_word' id='word_1_43' title='bbox 1497 442 1552 482; x_wconf 88' lang='lat' dir='ltr'><strong>ad</strong></span> 
     </span>
    </p>

    <p class='ocr_par' dir='ltr' id='par_1_3' title="bbox 35 507 712 560">
     <span class='ocr_line' id='line_1_6' title="bbox 35 507 712 560; baseline -0.001 -12"><span class='ocrx_word' id='word_1_44' title='bbox 35 523 54 556; x_wconf 71' lang='lat' dir='ltr'><strong>v5</strong></span> <span class='ocrx_word' id='word_1_45' title='bbox 76 507 198 548; x_wconf 91' lang='lat' dir='ltr'><strong>illum</strong></span> <span class='ocrx_word' id='word_1_46' title='bbox 223 507 296 560; x_wconf 84' lang='lat' dir='ltr'><strong>qui</strong></span> <span class='ocrx_word' id='word_1_47' title='bbox 319 508 376 548; x_wconf 92' lang='lat' dir='ltr'><strong>ad</strong></span> <span class='ocrx_word' id='word_1_48' title='bbox 399 507 482 548; x_wconf 91' lang='lat' dir='ltr'><strong>hoc</strong></span> <span class='ocrx_word' id='word_1_49' title='bbox 506 507 712 548; x_wconf 86' lang='lat' dir='ltr'><strong>intendit.</strong></span> 
     </span>
    </p>

    <p class='ocr_par' dir='ltr' id='par_1_4' title="bbox 74 576 1830 840">
     <span class='ocr_line' id='line_1_7' title="bbox 134 576 1830 645; baseline 0 -27"><span class='ocrx_word' id='word_1_50' title='bbox 134 577 191 618; x_wconf 82' lang='lat' dir='ltr'><strong>Et</strong></span> <span class='ocrx_word' id='word_1_51' title='bbox 216 576 315 617; x_wconf 90' lang='lat' dir='ltr'><strong>ideo</strong></span> <span class='ocrx_word' id='word_1_52' title='bbox 344 577 608 618; x_wconf 88' lang='lat' dir='ltr'><strong>conveniens</strong></span> <span class='ocrx_word' id='word_1_53' title='bbox 638 583 753 619; x_wconf 89' lang='lat' dir='ltr'><strong>esset</strong></span> <span class='ocrx_word' id='word_1_54' title='bbox 783 578 901 630; x_wconf 90' lang='lat' dir='ltr'><strong>quod</strong></span> <span class='ocrx_word' id='word_1_55' title='bbox 932 584 1033 618; x_wconf 84' lang='lat' dir='ltr'><strong>tuus</strong></span> <span class='ocrx_word' id='word_1_56' title='bbox 1064 577 1238 630; x_wconf 83' lang='lat' dir='ltr'><strong>bajulus</strong></span> <span class='ocrx_word' id='word_1_57' title='bbox 1262 592 1349 620; x_wconf 92' lang='lat' dir='ltr'><strong>non</strong></span> <span class='ocrx_word' id='word_1_58' title='bbox 1375 579 1553 635; x_wconf 79' lang='lat' dir='ltr'><strong>elonga-</strong></span> <span class='ocrx_word' id='word_1_59' title='bbox 1573 584 1830 645; x_wconf 49' lang='lat' dir='ltr'><strong>ssssssiss’gissssssffssssss</strong></span> 
     </span>
     <span class='ocr_line' id='line_1_8' title="bbox 74 638 1784 717; baseline 0.002 -29"><span class='ocrx_word' id='word_1_60' title='bbox 74 654 191 688; x_wconf 89' lang='lat' dir='ltr'><strong>retur</strong></span> <span class='ocrx_word' id='word_1_61' title='bbox 226 662 251 688; x_wconf 90' lang='lat' dir='ltr'><strong>a</strong></span> <span class='ocrx_word' id='word_1_62' title='bbox 288 654 366 687; x_wconf 87' lang='lat' dir='ltr'><strong>tua</strong></span> <span class='ocrx_word' id='word_1_63' title='bbox 408 647 644 700; x_wconf 84' lang='lat' dir='ltr'><strong>presencia,</strong></span> <span class='ocrx_word' id='word_1_64' title='bbox 679 654 722 687; x_wconf 90' lang='lat' dir='ltr'><strong>et</strong></span> <span class='ocrx_word' id='word_1_65' title='bbox 765 647 983 701; x_wconf 80' lang='lat' dir='ltr'><strong>precipias</strong></span> <span class='ocrx_word' id='word_1_66' title='bbox 1023 647 1060 687; x_wconf 90' lang='lat' dir='ltr'><strong>ei</strong></span> <span class='ocrx_word' id='word_1_67' title='bbox 1100 648 1219 700; x_wconf 85' lang='lat' dir='ltr'><strong>quod</strong></span> <span class='ocrx_word' id='word_1_68' title='bbox 1263 662 1350 689; x_wconf 91' lang='lat' dir='ltr'><strong>non</strong></span> <span class='ocrx_word' id='word_1_69' title='bbox 1392 650 1554 692; x_wconf 84' lang='lat' dir='ltr'><strong>habeat</strong></span> <span class='ocrx_word' id='word_1_70' title='bbox 1572 638 1784 717; x_wconf 45' lang='lat' dir='ltr'><strong>gfffssirnffissffi</strong></span> 
     </span>
     <span class='ocr_line' id='line_1_9' title="bbox 74 708 1759 774; baseline 0.002 -16"><span class='ocrx_word' id='word_1_71' title='bbox 74 722 312 758; x_wconf 86' lang='lat' dir='ltr'><strong>tractatum</strong></span> <span class='ocrx_word' id='word_1_72' title='bbox 339 716 409 757; x_wconf 87' lang='lat' dir='ltr'><strong>vel</strong></span> <span class='ocrx_word' id='word_1_73' title='bbox 441 716 735 769; x_wconf 87' lang='lat' dir='ltr'><strong>frequenciam</strong></span> <span class='ocrx_word' id='word_1_74' title='bbox 769 730 869 756; x_wconf 86' lang='lat' dir='ltr'><strong>cum</strong></span> <span class='ocrx_word' id='word_1_75' title='bbox 899 717 1052 770; x_wconf 87' lang='lat' dir='ltr'><strong>aliquo</strong></span> <span class='ocrx_word' id='word_1_76' title='bbox 1087 730 1240 770; x_wconf 83' lang='lat' dir='ltr'><strong>regum</strong></span> <span class='ocrx_word' id='word_1_77' title='bbox 1274 732 1331 759; x_wconf 83' lang='lat' dir='ltr'><strong>ex</strong></span> <span class='ocrx_word' id='word_1_78' title='bbox 1365 720 1554 774; x_wconf 84' lang='lat' dir='ltr'><strong>regibus,</strong></span> <span class='ocrx_word' id='word_1_79' title='bbox 1718 714 1725 719; x_wconf 43' lang='lat'><strong>&#39;⁷</strong></span> <span class='ocrx_word' id='word_1_80' title='bbox 1754 708 1759 713; x_wconf 91' lang='lat'><em>.</em></span> 
     </span>
     <span class='ocr_line' id='line_1_10' title="bbox 74 784 1551 840; baseline 0.002 -12"><span class='ocrx_word' id='word_1_81' title='bbox 74 794 117 828; x_wconf 91' lang='lat' dir='ltr'><strong>et</strong></span> <span class='ocrx_word' id='word_1_82' title='bbox 139 799 225 828; x_wconf 89' lang='lat' dir='ltr'><strong>non</strong></span> <span class='ocrx_word' id='word_1_83' title='bbox 249 784 396 839; x_wconf 83' lang='lat' dir='ltr'><strong>legat¹</strong></span> <span class='ocrx_word' id='word_1_84' title='bbox 421 786 482 826; x_wconf 90' lang='lat' dir='ltr'><strong>eis</strong></span> <span class='ocrx_word' id='word_1_85' title='bbox 512 785 745 840; x_wconf 86' lang='lat' dir='ltr'><strong>epistolam</strong></span> <span class='ocrx_word' id='word_1_86' title='bbox 776 799 855 827; x_wconf 90' lang='lat' dir='ltr'><strong>nec</strong></span> <span class='ocrx_word' id='word_1_87' title='bbox 890 785 1040 827; x_wconf 88' lang='lat' dir='ltr'><strong>mittat</strong></span> <span class='ocrx_word' id='word_1_88' title='bbox 1073 787 1134 827; x_wconf 87' lang='lat' dir='ltr'><strong>eis</strong></span> <span class='ocrx_word' id='word_1_89' title='bbox 1166 800 1292 829; x_wconf 88' lang='lat' dir='ltr'><strong>nova.</strong></span> <span class='ocrx_word' id='word_1_90' title='bbox 1358 789 1418 829; x_wconf 81' lang='lat' dir='ltr'><strong>Et</strong></span> <span class='ocrx_word' id='word_1_91' title='bbox 1451 804 1551 831; x_wconf 84' lang='lat' dir='ltr'><strong>curn</strong></span> 
     </span>
    </p>

    <p class='ocr_par' dir='ltr' id='par_1_5' title="bbox 21 855 1826 1261">
     <span class='ocr_line' id='line_1_11' title="bbox 21 855 1556 911; baseline 0.001 -13"><span class='ocrx_word' id='word_1_92' title='bbox 21 870 58 893; x_wconf 78' lang='grc' dir='ltr'><strong>ιο</strong></span> <span class='ocrx_word' id='word_1_93' title='bbox 76 857 322 911; x_wconf 82' lang='lat' dir='ltr'><strong>perceperis</strong></span> <span class='ocrx_word' id='word_1_94' title='bbox 343 855 459 906; x_wconf 87' lang='lat' dir='ltr'><strong>talia,</strong></span> <span class='ocrx_word' id='word_1_95' title='bbox 479 862 601 897; x_wconf 86' lang='lat' dir='ltr'><strong>muta</strong></span> <span class='ocrx_word' id='word_1_96' title='bbox 619 870 692 896; x_wconf 82' lang='lat' dir='ltr'><strong>eos</strong></span> <span class='ocrx_word' id='word_1_97' title='bbox 716 856 806 896; x_wconf 86' lang='lat' dir='ltr'><strong>sine</strong></span> <span class='ocrx_word' id='word_1_98' title='bbox 826 857 981 906; x_wconf 57' lang='grc' dir='ltr'><strong>ιῃοιἙι,2</strong></span> <span class='ocrx_word' id='word_1_99' title='bbox 998 857 1209 908; x_wconf 85' lang='lat' dir='ltr'><strong>quoniam</strong></span> <span class='ocrx_word' id='word_1_100' title='bbox 1228 859 1363 899; x_wconf 86' lang='lat' dir='ltr'><strong>animi</strong></span> <span class='ocrx_word' id='word_1_101' title='bbox 1383 859 1556 900; x_wconf 87' lang='lat' dir='ltr'><strong>veloces</strong></span> 
     </span>
     <span class='ocr_line' id='line_1_12' title="bbox 76 925 1557 978; baseline 0.002 -11"><span class='ocrx_word' id='word_1_102' title='bbox 76 933 176 968; x_wconf 89' lang='lat' dir='ltr'><strong>sunt</strong></span> <span class='ocrx_word' id='word_1_103' title='bbox 198 933 242 967; x_wconf 92' lang='lat' dir='ltr'><strong>et</strong></span> <span class='ocrx_word' id='word_1_104' title='bbox 264 925 388 967; x_wconf 90' lang='lat' dir='ltr'><strong>facile</strong></span> <span class='ocrx_word' id='word_1_105' title='bbox 410 925 635 966; x_wconf 85' lang='lat' dir='ltr'><strong>declinant</strong></span> <span class='ocrx_word' id='word_1_106' title='bbox 657 925 713 966; x_wconf 86' lang='lat' dir='ltr'><strong>ad</strong></span> <span class='ocrx_word' id='word_1_107' title='bbox 738 925 1050 978; x_wconf 81' lang='lat' dir='ltr'><strong>promissiones</strong></span> <span class='ocrx_word' id='word_1_108' title='bbox 1072 933 1115 967; x_wconf 89' lang='lat' dir='ltr'><strong>et</strong></span> <span class='ocrx_word' id='word_1_109' title='bbox 1139 928 1381 969; x_wconf 87' lang='lat' dir='ltr'><strong>contrarias</strong></span> <span class='ocrx_word' id='word_1_110' title='bbox 1401 929 1557 970; x_wconf 89' lang='lat' dir='ltr'><strong>volun-</strong></span> 
     </span>
     <span class='ocr_line' id='line_1_13' title="bbox 77 994 1826 1062; baseline 0.001 -24"><span class='ocrx_word' id='word_1_111' title='bbox 77 1003 202 1038; x_wconf 86' lang='lat' dir='ltr'><strong>tates.</strong></span> <span class='ocrx_word' id='word_1_112' title='bbox 266 996 326 1036; x_wconf 86' lang='lat' dir='ltr'><strong>Et</strong></span> <span class='ocrx_word' id='word_1_113' title='bbox 349 994 499 1037; x_wconf 88' lang='lat' dir='ltr'><strong>utilior</strong></span> <span class='ocrx_word' id='word_1_114' title='bbox 520 1009 578 1035; x_wconf 82' lang='lat' dir='ltr'><strong>ex</strong></span> <span class='ocrx_word' id='word_1_115' title='bbox 600 994 759 1048; x_wconf 89' lang='lat' dir='ltr'><strong>bajulis</strong></span> <span class='ocrx_word' id='word_1_116' title='bbox 781 995 869 1036; x_wconf 88' lang='lat' dir='ltr'><strong>tuis</strong></span> <span class='ocrx_word' id='word_1_117' title='bbox 891 1002 957 1036; x_wconf 89' lang='lat' dir='ltr'><strong>est</strong></span> <span class='ocrx_word' id='word_1_118' title='bbox 981 996 1054 1048; x_wconf 88' lang='lat' dir='ltr'><strong>qui</strong></span> <span class='ocrx_word' id='word_1_119' title='bbox 1086 996 1228 1050; x_wconf 83' lang='lat' dir='ltr'><strong>magis</strong></span> <span class='ocrx_word' id='word_1_120' title='bbox 1251 997 1395 1051; x_wconf 86' lang='lat' dir='ltr'><strong>diligit</strong></span> <span class='ocrx_word' id='word_1_121' title='bbox 1417 999 1553 1039; x_wconf 83' lang='lat' dir='ltr'><strong>vitam</strong></span> <span class='ocrx_word' id='word_1_122' title='bbox 1574 1001 1826 1062; x_wconf 50' lang='lat' dir='ltr'><strong>ggffigffibgrfffiefffl</strong></span> 
     </span>
     <span class='ocr_line' id='line_1_14' title="bbox 77 1065 1554 1118; baseline 0.001 -10"><span class='ocrx_word' id='word_1_123' title='bbox 77 1073 199 1108; x_wconf 86' lang='lat' dir='ltr'><strong>tuam</strong></span> <span class='ocrx_word' id='word_1_124' title='bbox 217 1072 260 1106; x_wconf 80' lang='lat' dir='ltr'><strong>et</strong></span> <span class='ocrx_word' id='word_1_125' title='bbox 277 1065 595 1115; x_wconf 82' lang='lat' dir='ltr'><strong>obedienciam,</strong></span> <span class='ocrx_word' id='word_1_126' title='bbox 611 1072 654 1105; x_wconf 90' lang='lat' dir='ltr'><strong>et</strong></span> <span class='ocrx_word' id='word_1_127' title='bbox 671 1065 746 1118; x_wconf 88' lang='lat' dir='ltr'><strong>qui</strong></span> <span class='ocrx_word' id='word_1_128' title='bbox 767 1065 910 1118; x_wconf 76' lang='lat' dir='ltr'><strong>magis</strong></span> <span class='ocrx_word' id='word_1_129' title='bbox 933 1065 1100 1106; x_wconf 88' lang='lat' dir='ltr'><strong>inducit</strong></span> <span class='ocrx_word' id='word_1_130' title='bbox 1123 1066 1325 1108; x_wconf 87' lang='lat' dir='ltr'><strong>subditos</strong></span> <span class='ocrx_word' id='word_1_131' title='bbox 1347 1068 1404 1108; x_wconf 85' lang='lat' dir='ltr'><strong>ad</strong></span> <span class='ocrx_word' id='word_1_132' title='bbox 1426 1074 1554 1109; x_wconf 86' lang='lat' dir='ltr'><strong>tuum</strong></span> 
     </span>
     <span class='ocr_line' id='line_1_15' title="bbox 77 1134 1688 1192; baseline 0.001 -15"><span class='ocrx_word' id='word_1_133' title='bbox 77 1136 292 1178; x_wconf 89' lang='lat' dir='ltr'><strong>honorem</strong></span> <span class='ocrx_word' id='word_1_134' title='bbox 321 1141 364 1176; x_wconf 86' lang='lat' dir='ltr'><strong>et</strong></span> <span class='ocrx_word' id='word_1_135' title='bbox 391 1148 599 1182; x_wconf 89' lang='lat' dir='ltr'><strong>amorem,</strong></span> <span class='ocrx_word' id='word_1_136' title='bbox 622 1141 666 1175; x_wconf 89' lang='lat' dir='ltr'><strong>et</strong></span> <span class='ocrx_word' id='word_1_137' title='bbox 692 1135 765 1187; x_wconf 86' lang='lat' dir='ltr'><strong>qui</strong></span> <span class='ocrx_word' id='word_1_138' title='bbox 791 1135 977 1188; x_wconf 78' lang='lat' dir='ltr'><strong>exponit</strong></span> <span class='ocrx_word' id='word_1_139' title='bbox 1010 1135 1090 1176; x_wconf 89' lang='lat' dir='ltr'><strong>tibi</strong></span> <span class='ocrx_word' id='word_1_140' title='bbox 1123 1149 1189 1176; x_wconf 88' lang='lat' dir='ltr'><strong>res</strong></span> <span class='ocrx_word' id='word_1_141' title='bbox 1221 1149 1322 1177; x_wconf 89' lang='lat' dir='ltr'><strong>suas</strong></span> <span class='ocrx_word' id='word_1_142' title='bbox 1355 1142 1398 1177; x_wconf 91' lang='lat' dir='ltr'><strong>et</strong></span> <span class='ocrx_word' id='word_1_143' title='bbox 1424 1134 1430 1192; x_wconf 80' lang='grc' dir='ltr'>Ι</span> <span class='ocrx_word' id='word_1_144' title='bbox 1461 1151 1556 1191; x_wconf 89' lang='lat' dir='ltr'><strong>per·</strong></span> <span class='ocrx_word' id='word_1_145' title='bbox 1580 1148 1640 1182; x_wconf 84' lang='lat'><strong>107</strong></span> <span class='ocrx_word' id='word_1_146' title='bbox 1659 1152 1688 1172; x_wconf 79' lang='lat' dir='ltr'><strong>a.</strong></span> 
     </span>
     <span class='ocr_line' id='line_1_16' title="bbox 23 1204 1559 1261; baseline 0.001 -14"><span class='ocrx_word' id='word_1_147' title='bbox 23 1218 58 1251; x_wconf 85' lang='lat'><strong>15</strong></span> <span class='ocrx_word' id='word_1_148' title='bbox 78 1219 233 1248; x_wconf 88' lang='lat' dir='ltr'><strong>sonam</strong></span> <span class='ocrx_word' id='word_1_149' title='bbox 255 1205 312 1246; x_wconf 85' lang='lat' dir='ltr'><strong>ad</strong></span> <span class='ocrx_word' id='word_1_150' title='bbox 334 1204 562 1258; x_wconf 82' lang='lat' dir='ltr'><strong>placitum,</strong></span> <span class='ocrx_word' id='word_1_151' title='bbox 585 1211 628 1245; x_wconf 91' lang='lat' dir='ltr'><strong>et</strong></span> <span class='ocrx_word' id='word_1_152' title='bbox 649 1205 724 1258; x_wconf 88' lang='lat' dir='ltr'><strong>qui</strong></span> <span class='ocrx_word' id='word_1_153' title='bbox 748 1204 883 1246; x_wconf 88' lang='lat' dir='ltr'><strong>habet</strong></span> <span class='ocrx_word' id='word_1_154' title='bbox 911 1204 990 1245; x_wconf 87' lang='lat' dir='ltr'><strong>has</strong></span> <span class='ocrx_word' id='word_1_155' title='bbox 1012 1204 1195 1246; x_wconf 87' lang='lat' dir='ltr'><strong>virtutes</strong></span> <span class='ocrx_word' id='word_1_156' title='bbox 1216 1212 1258 1247; x_wconf 89' lang='lat' dir='ltr'><strong>et</strong></span> <span class='ocrx_word' id='word_1_157' title='bbox 1283 1219 1425 1247; x_wconf 88' lang='lat' dir='ltr'><strong>mores</strong></span> <span class='ocrx_word' id='word_1_158' title='bbox 1447 1221 1559 1261; x_wconf 90' lang='lat' dir='ltr'><strong>quos</strong></span> 
     </span>
    </p>
   </div>
   <div class='ocr_carea' id='block_1_3' title="bbox 79 1275 358 1318">
    <p class='ocr_par' dir='ltr' id='par_1_6' title="bbox 79 1275 358 1318">
     <span class='ocr_line' id='line_1_17' title="bbox 79 1275 358 1318; baseline -0.011 0"><span class='ocrx_word' id='word_1_159' title='bbox 79 1275 358 1318; x_wconf 78' lang='lat' dir='ltr'><strong>enumerabo.</strong></span> 
     </span>
    </p>
   </div>
   <div class='ocr_carea' id='block_1_4' title="bbox 81 1388 1563 1514">
    <p class='ocr_par' dir='ltr' id='par_1_7' title="bbox 81 1388 1563 1514">
     <span class='ocr_line' id='line_1_18' title="bbox 142 1388 1563 1447; baseline -0.001 -14"><span class='ocrx_word' id='word_1_160' title='bbox 142 1390 390 1447; x_wconf 74' lang='lat' dir='ltr'><strong>Capitulum</strong></span> <span class='ocrx_word' id='word_1_161' title='bbox 417 1402 498 1444; x_wconf 77' lang='lat'><strong>‚13.</strong></span> <span class='ocrx_word' id='word_1_162' title='bbox 528 1389 581 1430; x_wconf 79' lang='lat' dir='ltr'><strong>de</strong></span> <span class='ocrx_word' id='word_1_163' title='bbox 611 1389 864 1444; x_wconf 75' lang='lat' dir='ltr'><strong>specialibus</strong></span> <span class='ocrx_word' id='word_1_164' title='bbox 893 1388 1219 1439; x_wconf 71' lang='lat' dir='ltr'><strong>condicionibus,</strong></span> <span class='ocrx_word' id='word_1_165' title='bbox 1242 1391 1333 1432; x_wconf 77' lang='lat' dir='ltr'><strong>sive</strong></span> <span class='ocrx_word' id='word_1_166' title='bbox 1360 1388 1413 1429; x_wconf 84' lang='lat' dir='ltr'><strong>de</strong></span> <span class='ocrx_word' id='word_1_167' title='bbox 1445 1390 1563 1431; x_wconf 76' lang='lat' dir='ltr'><strong>bonis</strong></span> 
     </span>
     <span class='ocr_line' id='line_1_19' title="bbox 81 1459 938 1514; baseline -0.005 -12"><span class='ocrx_word' id='word_1_168' title='bbox 81 1460 272 1502; x_wconf 78' lang='lat' dir='ltr'><strong>moribus</strong></span> <span class='ocrx_word' id='word_1_169' title='bbox 290 1467 336 1513; x_wconf 73' lang='lat' dir='ltr'><strong>vet</strong></span> <span class='ocrx_word' id='word_1_170' title='bbox 356 1460 596 1502; x_wconf 71' lang='lat' dir='ltr'><strong>virtutibus</strong></span> <span class='ocrx_word' id='word_1_171' title='bbox 616 1461 770 1514; x_wconf 80' lang='lat' dir='ltr'><strong>optimi</strong></span> <span class='ocrx_word' id='word_1_172' title='bbox 789 1459 938 1514; x_wconf 72' lang='lat' dir='ltr'><strong>bajuli.</strong></span> 
     </span>
    </p>
   </div>
   <div class='ocr_carea' id='block_1_5' title="bbox 150 1545 1807 1619">
    <p class='ocr_par' dir='ltr' id='par_1_8' title="bbox 150 1545 1807 1619">
     <span class='ocr_line' id='line_1_20' title="bbox 150 1545 1807 1619; baseline -0.008 -30"><span class='ocrx_word' id='word_1_173' title='bbox 150 1547 350 1602; x_wconf 87' lang='lat' dir='ltr'><strong>Nprimis</strong></span> <span class='ocrx_word' id='word_1_174' title='bbox 376 1553 551 1602; x_wconf 86' lang='lat' dir='ltr'><strong>oportet</strong></span> <span class='ocrx_word' id='word_1_175' title='bbox 577 1548 698 1600; x_wconf 84' lang='lat' dir='ltr'><strong>quod</strong></span> <span class='ocrx_word' id='word_1_176' title='bbox 727 1546 889 1588; x_wconf 88' lang='lat' dir='ltr'><strong>habeat</strong></span> <span class='ocrx_word' id='word_1_177' title='bbox 916 1545 1236 1601; x_wconf 88' lang='lat' dir='ltr'><strong>perfeccionem</strong></span> <span class='ocrx_word' id='word_1_178' title='bbox 1261 1546 1560 1586; x_wconf 90' lang='lat' dir='ltr'><strong>membrorum</strong></span> <span class='ocrx_word' id='word_1_179' title='bbox 1580 1551 1807 1619; x_wconf 49' lang='lat' dir='ltr'><strong>ffissssgssisssssffflf&#39;s</strong></span> 
     </span>
    </p>
   </div>
   <div class='ocr_carea' id='block_1_6' title="bbox 26 1613 1683 1672">
    <p class='ocr_par' dir='ltr' id='par_1_9' title="bbox 26 1613 1683 1672">
     <span class='ocr_line' id='line_1_21' title="bbox 26 1613 1683 1672; baseline -0.002 -15"><span class='ocrx_word' id='word_1_180' title='bbox 26 1634 64 1657; x_wconf 87' lang='lat'><strong>20</strong></span> <span class='ocrx_word' id='word_1_181' title='bbox 149 1631 234 1672; x_wconf 90' lang='lat' dir='ltr'><strong>que</strong></span> <span class='ocrx_word' id='word_1_182' title='bbox 277 1615 544 1659; x_wconf 86' lang='lat' dir='ltr'><strong>conveniunt</strong></span> <span class='ocrx_word' id='word_1_183' title='bbox 586 1617 927 1672; x_wconf 84' lang='lat' dir='ltr'><strong>operacionibus</strong></span> <span class='ocrx_word' id='word_1_184' title='bbox 970 1631 1052 1671; x_wconf 92' lang='lat' dir='ltr'><strong>pro</strong></span> <span class='ocrx_word' id='word_1_185' title='bbox 1093 1615 1255 1670; x_wconf 88' lang='lat' dir='ltr'><strong>quibus</strong></span> <span class='ocrx_word' id='word_1_186' title='bbox 1295 1613 1470 1669; x_wconf 84' lang='lat' dir='ltr'><strong>eligitur</strong></span> <span class='ocrx_word' id='word_1_187' title='bbox 1518 1621 1562 1655; x_wconf 89' lang='lat' dir='ltr'><strong>et</strong></span> <span class='ocrx_word' id='word_1_188' title='bbox 1582 1621 1683 1647; x_wconf 70' lang='lat' dir='ltr'><strong>Sessor:</strong></span> 
     </span>
    </p>
   </div>
   <div class='ocr_carea' id='block_1_7' title="bbox 82 1671 1778 1742">
    <p class='ocr_par' dir='ltr' id='par_1_10' title="bbox 82 1671 1778 1742">
     <span class='ocr_line' id='line_1_22' title="bbox 1581 1671 1778 1704; baseline -0.005 -7"><span class='ocrx_word' id='word_1_189' title='bbox 1581 1673 1617 1703; x_wconf 88' lang='lat'><strong>(1)</strong></span> <span class='ocrx_word' id='word_1_190' title='bbox 1632 1671 1737 1704; x_wconf 83' lang='lat' dir='ltr'><strong>perfect</strong></span> <span class='ocrx_word' id='word_1_191' title='bbox 1752 1671 1778 1697; x_wconf 82' lang='lat' dir='ltr'><strong>in</strong></span> 
     </span>
     <span class='ocr_line' id='line_1_23' title="bbox 82 1695 1666 1742; baseline -0.006 -12"><span class='ocrx_word' id='word_1_192' title='bbox 82 1695 263 1742; x_wconf 88' lang='lat' dir='ltr'><strong>propter</strong></span> <span class='ocrx_word' id='word_1_193' title='bbox 284 1702 384 1742; x_wconf 88' lang='lat' dir='ltr'><strong>que.</strong></span> <span class='ocrx_word' id='word_1_194' title='bbox 1581 1706 1666 1738; x_wconf 50' lang='lat' dir='ltr'>body,</span> 
     </span>
    </p>
   </div>
   <div class='ocr_carea' id='block_1_8' title="bbox 27 1754 1854 2239">
    <p class='ocr_par' dir='ltr' id='par_1_11' title="bbox 27 1754 1854 2239">
     <span class='ocr_line' id='line_1_24' title="bbox 142 1754 1821 1822; baseline -0.003 -23"><span class='ocrx_word' id='word_1_195' title='bbox 142 1757 343 1800; x_wconf 88' lang='lat' dir='ltr'><strong>Secunda</strong></span> <span class='ocrx_word' id='word_1_196' title='bbox 361 1758 561 1800; x_wconf 86' lang='lat' dir='ltr'><strong>bonitate</strong></span> <span class='ocrx_word' id='word_1_197' title='bbox 582 1757 943 1813; x_wconf 84' lang='lat' dir='ltr'><strong>apprehensionis</strong></span> <span class='ocrx_word' id='word_1_198' title='bbox 965 1763 1008 1799; x_wconf 91' lang='lat' dir='ltr'><strong>et</strong></span> <span class='ocrx_word' id='word_1_199' title='bbox 1031 1756 1304 1798; x_wconf 81' lang='lat' dir='ltr'><strong>voluntatem</strong></span> <span class='ocrx_word' id='word_1_200' title='bbox 1324 1756 1379 1797; x_wconf 86' lang='lat' dir='ltr'><strong>ad</strong></span> <span class='ocrx_word' id='word_1_201' title='bbox 1406 1754 1563 1797; x_wconf 88' lang='lat' dir='ltr'><strong>intelli·</strong></span> <span class='ocrx_word' id='word_1_202' title='bbox 1582 1755 1821 1822; x_wconf 39' lang='lat' dir='ltr'><strong>ssssssssffiffgssflder‘</strong></span> 
     </span>
     <span class='ocr_line' id='line_1_25' title="bbox 82 1827 682 1882; baseline -0.002 -13"><span class='ocrx_word' id='word_1_203' title='bbox 82 1828 274 1882; x_wconf 85' lang='lat' dir='ltr'><strong>gendum</strong></span> <span class='ocrx_word' id='word_1_204' title='bbox 299 1828 343 1868; x_wconf 94' lang='lat' dir='ltr'><strong>id</strong></span> <span class='ocrx_word' id='word_1_205' title='bbox 365 1828 486 1882; x_wconf 90' lang='lat' dir='ltr'><strong>quod</strong></span> <span class='ocrx_word' id='word_1_206' title='bbox 510 1827 682 1869; x_wconf 86' lang='lat' dir='ltr'><strong>dicitur.</strong></span> 
     </span>
     <span class='ocr_line' id='line_1_26' title="bbox 141 1895 1854 1952; baseline -0.005 -13"><span class='ocrx_word' id='word_1_207' title='bbox 141 1898 298 1940; x_wconf 88' lang='lat' dir='ltr'><strong>Tercio</strong></span> <span class='ocrx_word' id='word_1_208' title='bbox 319 1900 442 1952; x_wconf 89' lang='lat' dir='ltr'><strong>quod</strong></span> <span class='ocrx_word' id='word_1_209' title='bbox 466 1898 522 1939; x_wconf 87' lang='lat' dir='ltr'><strong>sit</strong></span> <span class='ocrx_word' id='word_1_210' title='bbox 548 1897 664 1940; x_wconf 92' lang='lat' dir='ltr'><strong>bone</strong></span> <span class='ocrx_word' id='word_1_211' title='bbox 692 1898 906 1939; x_wconf 89' lang='lat' dir='ltr'><strong>memorie</strong></span> <span class='ocrx_word' id='word_1_212' title='bbox 929 1898 1023 1951; x_wconf 88' lang='lat' dir='ltr'><strong>ejus</strong></span> <span class='ocrx_word' id='word_1_213' title='bbox 1051 1897 1171 1950; x_wconf 87' lang='lat' dir='ltr'><strong>quod</strong></span> <span class='ocrx_word' id='word_1_214' title='bbox 1195 1895 1320 1937; x_wconf 83' lang='lat' dir='ltr'><strong>audit</strong></span> <span class='ocrx_word' id='word_1_215' title='bbox 1343 1901 1387 1936; x_wconf 90' lang='lat' dir='ltr'><strong>et</strong></span> <span class='ocrx_word' id='word_1_216' title='bbox 1409 1908 1566 1949; x_wconf 91' lang='lat' dir='ltr'><strong>appre-</strong></span> <span class='ocrx_word' id='word_1_217' title='bbox 1587 1898 1854 1932; x_wconf 71' lang='lat' dir='ltr'><strong>s3&gt;soodmcmo=·y-</strong></span> 
     </span>
     <span class='ocr_line' id='line_1_27' title="bbox 27 1966 1050 2021; baseline -0.001 -13"><span class='ocrx_word' id='word_1_218' title='bbox 27 1980 63 2013; x_wconf 84' lang='lat'><strong>25</strong></span> <span class='ocrx_word' id='word_1_219' title='bbox 83 1967 251 2018; x_wconf 88' lang='lat' dir='ltr'><strong>hendit,</strong></span> <span class='ocrx_word' id='word_1_220' title='bbox 274 1967 335 2010; x_wconf 88' lang='lat' dir='ltr'><strong>ita</strong></span> <span class='ocrx_word' id='word_1_221' title='bbox 357 1967 475 2021; x_wconf 90' lang='lat' dir='ltr'><strong>quod</strong></span> <span class='ocrx_word' id='word_1_222' title='bbox 500 1966 632 2009; x_wconf 91' lang='lat' dir='ltr'><strong>nichil</strong></span> <span class='ocrx_word' id='word_1_223' title='bbox 653 1968 802 2009; x_wconf 86' lang='lat' dir='ltr'><strong>tradat</strong></span> <span class='ocrx_word' id='word_1_224' title='bbox 826 1967 1050 2009; x_wconf 91' lang='lat' dir='ltr'><strong>oblivioni.</strong></span> 
     </span>
     <span class='ocr_line' id='line_1_28' title="bbox 144 2033 1813 2092; baseline -0.003 -14"><span class='ocrx_word' id='word_1_225' title='bbox 144 2037 316 2092; x_wconf 80' lang='lat' dir='ltr'><strong>Quarto</strong></span> <span class='ocrx_word' id='word_1_226' title='bbox 357 2038 478 2091; x_wconf 92' lang='lat' dir='ltr'><strong>quod</strong></span> <span class='ocrx_word' id='word_1_227' title='bbox 515 2037 572 2078; x_wconf 86' lang='lat' dir='ltr'><strong>sit</strong></span> <span class='ocrx_word' id='word_1_228' title='bbox 608 2037 892 2079; x_wconf 86' lang='lat' dir='ltr'><strong>considerans</strong></span> <span class='ocrx_word' id='word_1_229' title='bbox 930 2046 973 2078; x_wconf 92' lang='lat' dir='ltr'><strong>et</strong></span> <span class='ocrx_word' id='word_1_230' title='bbox 1009 2035 1252 2090; x_wconf 89' lang='lat' dir='ltr'><strong>percipiens</strong></span> <span class='ocrx_word' id='word_1_231' title='bbox 1287 2034 1466 2087; x_wconf 83' lang='lat' dir='ltr'><strong>quando</strong></span> <span class='ocrx_word' id='word_1_232' title='bbox 1505 2033 1568 2074; x_wconf 93' lang='lat' dir='ltr'><strong>in·</strong></span> <span class='ocrx_word' id='word_1_233' title='bbox 1587 2033 1813 2066; x_wconf 65' lang='lat' dir='ltr'><strong>(⁴)t¹¹0¹¹3¹¹tf¹¹¹›</strong></span> 
     </span>
     <span class='ocr_line' id='line_1_29' title="bbox 90 2106 908 2162; baseline -0.004 -14"><span class='ocrx_word' id='word_1_234' title='bbox 90 2108 289 2162; x_wconf 85' lang='lat' dir='ltr'><strong>greditur</strong></span> <span class='ocrx_word' id='word_1_235' title='bbox 311 2106 559 2157; x_wconf 87' lang='lat' dir='ltr'><strong>difficultas,</strong></span> <span class='ocrx_word' id='word_1_236' title='bbox 584 2108 696 2149; x_wconf 87' lang='lat' dir='ltr'><strong>sicut</strong></span> <span class='ocrx_word' id='word_1_237' title='bbox 720 2107 908 2160; x_wconf 77' lang='lat' dir='ltr'><strong>predixi.</strong></span> 
     </span>
     <span class='ocr_line' id='line_1_30' title="bbox 147 2172 1818 2239; baseline -0.005 -21"><span class='ocrx_word' id='word_1_238' title='bbox 147 2176 318 2231; x_wconf 81' lang='lat' dir='ltr'><strong>Quinto</strong></span> <span class='ocrx_word' id='word_1_239' title='bbox 341 2177 460 2230; x_wconf 90' lang='lat' dir='ltr'><strong>quod</strong></span> <span class='ocrx_word' id='word_1_240' title='bbox 484 2177 542 2219; x_wconf 86' lang='lat' dir='ltr'><strong>sit</strong></span> <span class='ocrx_word' id='word_1_241' title='bbox 570 2176 753 2227; x_wconf 86' lang='lat' dir='ltr'><strong>curialis,</strong></span> <span class='ocrx_word' id='word_1_242' title='bbox 775 2176 979 2227; x_wconf 85' lang='lat' dir='ltr'><strong>affabilis,</strong></span> <span class='ocrx_word' id='word_1_243' title='bbox 1001 2175 1142 2216; x_wconf 86' lang='lat' dir='ltr'><strong>dulcis</strong></span> <span class='ocrx_word' id='word_1_244' title='bbox 1173 2173 1333 2227; x_wconf 87' lang='lat' dir='ltr'><strong>lingue,</strong></span> <span class='ocrx_word' id='word_1_245' title='bbox 1355 2173 1417 2214; x_wconf 89' lang='lat' dir='ltr'><strong>ita</strong></span> <span class='ocrx_word' id='word_1_246' title='bbox 1448 2172 1569 2226; x_wconf 87' lang='lat' dir='ltr'><strong>quod</strong></span> <span class='ocrx_word' id='word_1_247' title='bbox 1587 2178 1749 2239; x_wconf 46' lang='lat' dir='ltr'><strong>ffiffitewtly</strong></span> <span class='ocrx_word' id='word_1_248' title='bbox 1763 2178 1818 2203; x_wconf 80' lang='lat' dir='ltr'><strong>and</strong></span> 
     </span>
    </p>
   </div>
   <div class='ocr_carea' id='block_1_9' title="bbox 29 2242 1568 2372">
    <p class='ocr_par' dir='ltr' id='par_1_12' title="bbox 29 2242 1568 2372">
     <span class='ocr_line' id='line_1_31' title="bbox 87 2242 1568 2302; baseline -0.004 -14"><span class='ocrx_word' id='word_1_249' title='bbox 87 2247 235 2302; x_wconf 83' lang='lat' dir='ltr'><strong>lingua</strong></span> <span class='ocrx_word' id='word_1_250' title='bbox 257 2247 402 2289; x_wconf 88' lang='lat' dir='ltr'><strong>cordis</strong></span> <span class='ocrx_word' id='word_1_251' title='bbox 425 2247 664 2289; x_wconf 89' lang='lat' dir='ltr'><strong>concordet</strong></span> <span class='ocrx_word' id='word_1_252' title='bbox 687 2253 731 2288; x_wconf 91' lang='lat' dir='ltr'><strong>et</strong></span> <span class='ocrx_word' id='word_1_253' title='bbox 758 2247 1019 2301; x_wconf 82' lang='lat' dir='ltr'><strong>respondeat</strong></span> <span class='ocrx_word' id='word_1_254' title='bbox 1049 2243 1325 2299; x_wconf 84' lang='lat' dir='ltr'><strong>cogitacioni‚</strong></span> <span class='ocrx_word' id='word_1_255' title='bbox 1347 2242 1402 2284; x_wconf 90' lang='lat' dir='ltr'><strong>sit</strong></span> <span class='ocrx_word' id='word_1_256' title='bbox 1430 2243 1568 2282; x_wconf 85' lang='lat' dir='ltr'><strong>eciam</strong></span> 
     </span>
     <span class='ocr_line' id='line_1_32' title="bbox 29 2317 858 2372; baseline -0.004 -13"><span class='ocrx_word' id='word_1_257' title='bbox 29 2327 70 2359; x_wconf 80' lang='lat'><strong>30</strong></span> <span class='ocrx_word' id='word_1_258' title='bbox 88 2317 298 2372; x_wconf 82' lang='lat' dir='ltr'><strong>expedite</strong></span> <span class='ocrx_word' id='word_1_259' title='bbox 321 2317 470 2371; x_wconf 86' lang='lat' dir='ltr'><strong>lingue</strong></span> <span class='ocrx_word' id='word_1_260' title='bbox 491 2330 566 2359; x_wconf 89' lang='lat' dir='ltr'><strong>seu</strong></span> <span class='ocrx_word' id='word_1_261' title='bbox 590 2317 858 2370; x_wconf 85' lang='lat' dir='ltr'><strong>eloquencie.</strong></span> 
     </span>
    </p>
   </div>
   <div class='ocr_carea' id='block_1_10' title="bbox 92 2412 314 2416">
    <p class='ocr_par' dir='ltr' id='par_1_13' title="bbox 92 2412 314 2416">
     <span class='ocr_line' id='line_1_33' title="bbox 92 2412 314 2416; baseline 0 0"><span class='ocrx_word' id='word_1_262' title='bbox 92 2412 314 2416; x_wconf 95' lang='lat' dir='ltr'><strong> </strong></span> 
     </span>
    </p>
   </div>
   <div class='ocr_carea' id='block_1_11' title="bbox 316 2411 473 2414">
    <p class='ocr_par' dir='ltr' id='par_1_14' title="bbox 316 2411 473 2414">
     <span class='ocr_line' id='line_1_34' title="bbox 316 2411 473 2414; baseline 0 0"><span class='ocrx_word' id='word_1_263' title='bbox 316 2411 473 2414; x_wconf 95' lang='lat' dir='ltr'><strong> </strong></span> 
     </span>
    </p>
   </div>
   <div class='ocr_carea' id='block_1_12' title="bbox 143 2453 1303 2559">
    <p class='ocr_par' dir='ltr' id='par_1_15' title="bbox 143 2453 1303 2559">
     <span class='ocr_line' id='line_1_35' title="bbox 143 2453 481 2501; baseline 0 -9"><span class='ocrx_word' id='word_1_264' title='bbox 143 2455 154 2475; x_wconf 85' lang='lat'>¹</span> <span class='ocrx_word' id='word_1_265' title='bbox 185 2454 226 2494; x_wconf 92' lang='lat' dir='ltr'><strong>id</strong></span> <span class='ocrx_word' id='word_1_266' title='bbox 246 2461 318 2501; x_wconf 88' lang='lat' dir='ltr'><strong>est,</strong></span> <span class='ocrx_word' id='word_1_267' title='bbox 341 2453 481 2492; x_wconf 83' lang='lat' dir='ltr'><strong>mittat.</strong></span> 
     </span>
     <span class='ocr_line' id='line_1_36' title="bbox 144 2504 1303 2559; baseline -0.009 -10"><span class='ocrx_word' id='word_1_268' title='bbox 144 2509 157 2530; x_wconf 81' lang='lat'>²</span> <span class='ocrx_word' id='word_1_269' title='bbox 186 2508 347 2555; x_wconf 86' lang='lat' dir='ltr'><strong>scilicet,</strong></span> <span class='ocrx_word' id='word_1_270' title='bbox 369 2509 421 2548; x_wconf 85' lang='lat' dir='ltr'><strong>ad</strong></span> <span class='ocrx_word' id='word_1_271' title='bbox 441 2507 607 2559; x_wconf 87' lang='lat' dir='ltr'><strong>prandia</strong></span> <span class='ocrx_word' id='word_1_272' title='bbox 627 2514 666 2546; x_wconf 90' lang='lat' dir='ltr'><strong>et</strong></span> <span class='ocrx_word' id='word_1_273' title='bbox 687 2508 795 2546; x_wconf 85' lang='lat' dir='ltr'><strong>dona</strong></span> <span class='ocrx_word' id='word_1_274' title='bbox 815 2514 853 2545; x_wconf 87' lang='lat' dir='ltr'><strong>et</strong></span> <span class='ocrx_word' id='word_1_275' title='bbox 875 2517 1041 2543; x_wconf 79' lang='lat' dir='ltr'><strong>munera</strong></span> <span class='ocrx_word' id='word_1_276' title='bbox 1061 2511 1099 2542; x_wconf 89' lang='lat' dir='ltr'><strong>et</strong></span> <span class='ocrx_word' id='word_1_277' title='bbox 1121 2504 1303 2542; x_wconf 82' lang='lat' dir='ltr'><strong>honores,</strong></span> 
     </span>
    </p>
   </div>
   <div class='ocr_carea' id='block_1_13' title="bbox 139 2641 484 2683">
    <p class='ocr_par' dir='ltr' id='par_1_16' title="bbox 139 2641 484 2683">
     <span class='ocr_line' id='line_1_37' title="bbox 139 2641 484 2683; baseline -0.003 -9"><span class='ocrx_word' id='word_1_278' title='bbox 139 2653 175 2682; x_wconf 83' lang='lat'><strong>17</strong></span> <span class='ocrx_word' id='word_1_279' title='bbox 201 2643 355 2683; x_wconf 83' lang='lat' dir='ltr'><strong>Chapter</strong></span> <span class='ocrx_word' id='word_1_280' title='bbox 370 2642 423 2674; x_wconf 89' lang='lat' dir='ltr'><strong>cii.</strong></span> <span class='ocrx_word' id='word_1_281' title='bbox 448 2641 484 2673; x_wconf 89' lang='lat' dir='ltr'><strong>V.</strong></span> 
     </span>
    </p>
   </div>
   <div class='ocr_carea' id='block_1_14' title="bbox 139 2760 528 2807">
    <p class='ocr_par' dir='ltr' id='par_1_17' title="bbox 139 2760 528 2807">
     <span class='ocr_line' id='line_1_38' title="bbox 139 2760 528 2807; baseline -0.003 -11"><span class='ocrx_word' id='word_1_282' title='bbox 139 2760 178 2797; x_wconf 74' lang='lat'><strong>16</strong></span> <span class='ocrx_word' id='word_1_283' title='bbox 203 2765 310 2807; x_wconf 87' lang='lat' dir='ltr'><strong>muta]</strong></span> <span class='ocrx_word' id='word_1_284' title='bbox 329 2765 435 2796; x_wconf 78' lang='lat' dir='ltr'><strong>invita</strong></span> <span class='ocrx_word' id='word_1_285' title='bbox 453 2763 528 2795; x_wconf 87' lang='lat' dir='ltr'><strong>MS.</strong></span> 
     </span>
    </p>
   </div>
  </div>
 </body>
</html>
