1908 3126
762 67 846 122 165

64 187 345 240 antiquorum
383 181 617 224 philimoni
650 195 825 222 summo
857 179 1028 221 doctori
1055 185 1099 220 et
1134 178 1346 232 magistro
1389 176 1541 232 phiso-
1565 201 1802 230 Polemonwasa

1565 242 1669 263 master
1682 238 1713 264 os
1725 237 1781 264 this

63 256 222 308 nomie,
263 262 307 296 et
349 267 498 294 revera
539 251 832 304 investigabat
877 264 934 291 ex
978 249 1307 303 composicione
1355 247 1544 288 hominis
1566 271 1687 299 scient&

63 325 300 380 qualitates
331 330 374 364 ct
406 329 587 384 naturas
619 321 765 362 anime
799 319 909 373 ejus,
933 325 976 359 et
1008 324 1111 359 sunt
1145 318 1187 358 in
1216 317 1311 371 ipsa
1332 314 1544 358 historial

65 394 215 448 pulcra
266 400 309 434 et
360 398 587 432 extranea.
673 389 905 431 Constitue
948 401 1053 441 ergo
1096 393 1141 428 te
1182 399 1314 440 super
1356 399 1454 426 eam
1498 391 1548 426 ut

27 475 47 506 5
66 463 296 516 intelligas.

124 531 339 586 Discipuli
392 531 610 584 siquidem
669 527 908 582 Ypocratis
973 525 1185 578 sapientis
1246 523 1545 577 depinxerunt
1566 542 1818 576 Theffiscifflesos

66 602 253 652 formam
287 601 380 655 ejus
413 601 455 640 in
486 611 756 652 pergameno
785 603 827 638 et
855 601 1144 650 portaverunt
1174 608 1270 635 eam
1305 593 1544 634 Philimoni
1566 577 1781 644 ἕῑέῗιρῗὲᾞῖἓῗυ

66 673 264 713 dicentes
283 687 291 711 :
327 668 569 710 Considera
592 667 704 707 hanc
729 665 913 719 figuram
933 671 977 705 et
1001 664 1143 704 indica
1162 663 1287 702 nobis
1310 661 1545 715 qualitates
1563 645 1633 671 ’Μ’

67 739 390 794 complexionis
412 737 520 790 ejus.
583 735 673 789 Qui
696 735 911 787 recipiens
929 733 1302 785 composicionem
1327 738 1371 772 et
1394 731 1544 784 dispo-

12 821 50 844 10
67 809 274 850 sicionem
309 807 446 861 figure
474 805 748 858 comparavit
781 809 927 856 partes
959 801 1053 855 ejus
1083 802 1260 843 dicens:
1298 801 1384 840 Iste
1410 799 1547 840 homo
1566 820 1749 853 Thepicfflm
1763 821 1796 848 os

69 878 320 919 luxuriosus
354 883 433 926 est,
471 875 695 926 deceptor,
736 886 888 914 amans
931 872 1134 912 coitum.v
1173 870 1245 912 Ob
1281 883 1415 923 quarn
1453 881 1544 908 rem
1566 854 1793 915 ffisspvi'ffiriiiisssto

67 947 297 988 voluerunt
321 959 419 987 eum
445 943 685 985 interficere
708 943 927 983 dicentes:
977 940 1017 981 O
1042 939 1191 990 stulte,
1217 939 1296 980 hec
1320 946 1386 979 est
1410 937 1548 990 figura
1566 922 1630 998 ,Ἐξ
1641 923 1774 1000 ὲζξὲἷς

68 1016 282 1070 dignioris
304 1021 347 1056 et
380 1013 573 1055 melioris
595 1011 787 1053 hominis
820 1010 894 1064 qui
918 1010 975 1051 sit
997 1010 1039 1049 in
1067 1009 1149 1050 hoc
1173 1008 1350 1048 mundo.
1416 1006 1547 1047 Phili·
1567 1006 1673 1032 wished
1689 982 1780 1034 ‘Opkffl

1566 1041 1711 1068 Polemon.

71 1100 174 1127 mon
199 1092 346 1126 autem
362 1083 609 1138 pacificavit
627 1095 701 1122 eos
717 1087 760 1121 et
783 1079 975 1121 correxit
993 1079 1140 1119 dicens
1157 1094 1165 1118 :
1202 1077 1300 1117 Hec
1324 1083 1389 1117 est
1407 1075 1547 1129 figura

14 1170 49 1202 15
70 1157 248 1210 quidem
271 1153 479 1208 sapientis
508 1151 755 1206 Ypocratis,
779 1155 847 1190 set
879 1149 960 1190 hec
982 1162 1067 1202 que
1097 1146 1346 1200 quesivistis
1369 1146 1423 1186 de
1449 1158 1547 1185 mea

71 1225 257 1267 sciencia
279 1223 453 1265 ostendi
474 1221 616 1272 vobis,
630 1227 673 1261 et
695 1219 814 1273 quod
840 1218 940 1259 inde
958 1217 1104 1259 sencio
1125 1216 1365 1256 secundum
1391 1215 1546 1268 ipsam.

130 1294 325 1348 Quando
362 1306 464 1347 ergo
505 1295 798 1346 pervenerunt
840 1288 896 1328 ad
933 1287 1221 1340 Ypocratem‚
1256 1285 1466 1325 dixerunt
1508 1283 1548 1323 ei
1569 1302 1759 1335 Hippocrates
1777 1302 1837 1329 ,aid

58 1353 175 1419 >quid
200 1364 394 1404 fecerunt
411 1369 456 1404 et
473 1361 579 1414 quid
596 1358 822 1412 respondit
840 1358 902 1398 eis
922 1356 1140 1396 Philimon
1159 1360 1202 1395 et
1217 1354 1308 1407 ejus
1321 1353 1547 1407 judicium.
1568 1337 1602 1362 '¹⁶‘
1617 1345 1672 1363 was
1686 1335 1770 1369 ‘igm'

71 1434 243 1488 Quibus
266 1433 383 1474 dixit
410 1430 415 1488 Ι
443 1432 672 1485 Ypocras:
706 1429 836 1470 Certe
867 1440 1019 1468 verum
1052 1425 1168 1466 dixit
1201 1423 1434 1472 Philimon,
1471 1435 1548 1462 nec
1572 1448 1631 1480 125
1648 1439 1680 1470 b.

13 1518 53 1541 20
72 1503 339 1559 pretermisit
377 1515 510 1543 unam
553 1499 761 1541 litteram.
823 1497 1176 1550 Verumptamen
1227 1508 1286 1534 ex
1335 1506 1424 1546 quo
1467 1505 1550 1545 ego
1569 1508 1794 1541 exceptthathe

1539 1562 1546 1569 .
1570 1544 1625 1569 had
1638 1543 1798 1575 conquered

72 1573 261 1628 respexi,
283 1570 556 1614 consideravi
578 1569 658 1610 hec
680 1568 827 1623 turpia
849 1581 943 1608 esse
966 1572 1009 1607 et
1032 1564 1323 1618 reprobanda,
1342 1561 1548 1603 constitui
1568 1577 1686 1615 hjsown
1699 1576 1817 1609 disposi-

72 1652 217 1684 meam
240 1642 433 1683 animam
465 1653 614 1694 regem
644 1651 777 1691 supra
807 1635 984 1690 ipsam,2
1006 1642 1048 1676 et
1076 1633 1239 1675 retraxi
1269 1646 1367 1673 earn
1397 1632 1453 1672 ab
1477 1631 1551 1681 eis,
1570 1618 1640 1638 ‘¹⁰¹¹'

72 1719 116 1754 et
138 1710 407 1765 triumphavi
430 1723 561 1763 super
583 1707 880 1750 retencionem
903 1701 1260 1758 concupiscencie
1283 1714 1390 1742 mee.
1454 1700 1550 1742 Hec

71 1788 137 1823 est
159 1782 306 1835 itaque
329 1780 425 1822 laus
447 1786 491 1820 et
514 1777 735 1832 sapiencia
751 1775 991 1829 Ypocratis
1013 1787 1070 1814 ex
1089 1772 1181 1825 ejus
1203 1770 1425 1825 operibus,
1446 1770 1550 1822 quia

14 1860 51 1892 25
73 1850 353 1904 philosophia
389 1848 521 1890 nichil
559 1847 681 1888 aliud
715 1842 782 1887 est
818 1857 953 1899 quam
989 1841 1261 1884 abstinencia
1293 1846 1336 1881 et
1367 1839 1551 1880 victoria

71 1916 514 1974 concupiscibilium.3

124 2035 136 2056 ²
171 2032 331 2080 scilicet,
353 2030 619 2083 phisonomie.

126 2088 140 2109 ²
168 2087 328 2135 scilicet,
352 2096 395 2125 ut
414 2086 499 2137 ipsa
519 2091 669 2136 regeret
689 2097 732 2123 se
752 2096 821 2133 per
840 2077 944 2120 viam
965 2078 1146 2118 racionis.

127 2143 140 2164 ³
170 2140 431 2181 Phisonomia
452 2139 593 2179 est‘lex
612 2146 751 2177 nature
772 2137 811 2175 in
833 2134 1110 2186 complexione
1131 2130 1296 2170 humani
1317 2129 1491 2180 corporis
1513 2136 1552 2168 et
1571 2147 1656 2174 what
1683 2147 1707 2175 is
1726 2148 1839 2181 physio.

14 2207 55 2238 30
72 2199 157 2248 ejus
188 2195 499 2247 composicione,
531 2193 625 2245 quia
653 2194 792 2239 Grece,
822 2191 1011 2229 ‘nomos'
1041 2195 1100 2226 est
1136 2187 1255 2233 ‘lex’,
1290 2184 1457 2235 ‘phisis'
1492 2191 1551 2222 est
1570 2191 1686 2215 8¹¹0s11y·

73 2255 236 2290 ‘natura
249 2251 270 2298 ’,
310 2259 350 2289 et
383 2249 447 2288 hic
477 2257 538 2288 est
571 2261 715 2298 magna
747 2245 974 2296 pulcritudo
1013 2241 1184 2282 sciencie
1214 2248 1253 2279 et
1274 2238 1474 2289 sapiencie
1513 2246 1553 2277 et

71 2306 218 2345 utilitas
251 2318 323 2356 pro
353 2304 536 2343 cavendo
570 2304 696 2341 malos
726 2308 767 2339 et
800 2298 1037 2338 associando
1065 2297 1205 2342 bonos,
1239 2293 1333 2344 quia
1366 2292 1550 2332 homines

72 2361 241 2400 libenter
261 2366 448 2398 secuntur
467 2357 507 2396 in
529 2357 706 2396 moribus
733 2353 1030 2404 complexiones
1050 2363 1142 2389 suas
1171 2356 1209 2388 et
1230 2346 1550 2398 composiciones

72 2427 284 2465 corporum
324 2426 499 2459 suorum,
539 2411 631 2450 licet
664 2423 747 2449 non
792 2415 995 2458 cogantur.
1073 2406 1136 2443 De
1175 2403 1249 2442 ista
1296 2401 1550 2452 phisonomia

13 2483 51 2515 35
74 2468 296 2508 Aristotiles
316 2475 356 2506 et
376 2474 453 2505 tres
472 2467 536 2505 alii
554 2463 783 2516 philosophi
798 2464 1042 2512 collegerunt
1064 2459 1207 2497 multas
1227 2455 1450 2496 sentencias
1471 2468 1550 2505 que

73 2524 113 2562 in
134 2537 259 2562 unum
279 2523 446 2560 collecte
463 2528 555 2559 sunt
575 2520 615 2558 in
636 2520 733 2558 libro
751 2548 758 2555 .
766 2532 801 2568 3.
818 2522 1012 2554 auctorum
1034 2513 1103 2563 qui
1122 2510 1348 2550 communis
1363 2517 1423 2548 est
1442 2510 1551 2560 apud

73 2579 301 2630 prudentes.
360 2575 474 2614 Alius
494 2581 682 2613 tractatus
703 2570 883 2623 specialis
909 2576 968 2608 est
989 2566 1201 2606 Aristotilis
1221 2567 1273 2604 de
1297 2578 1403 2603 novo
1430 2575 1552 2602 trans·
1571 2581 1632 2607 The
1646 2581 1761 2615 1eading

14 2631 19 2634 ”
74 2635 189 2672 latus.
249 2631 380 2669 Multa
399 2643 493 2668 vero
514 2630 565 2668 de
585 2630 661 2666 hac
682 2625 854 2666 sciencia
874 2622 1123 2674 reperiuntur
1139 2620 1179 2658 in
1207 2619 1315 2658 libris
1337 2617 1552 2657 Aristotilis
1572 2615 1709 2642 “eatsses·

60 2696 113 2726 ·et
142 2685 348 2725 Avicenne
377 2685 422 2722 de
450 2683 712 2729 Animalibus,
745 2687 783 2720 et
813 2679 853 2717 in
883 2677 991 2717 libris
1023 2674 1230 2715 medicine.
1292 2675 1456 2712 Etcum
1478 2673 1552 2711 hec

115 2775 161 2815 36
183 2774 234 2816 33⁴
253 2783 272 2812 4
292 2772 367 2806 MS·
