1908 3126
795 134 849 174 29

134 234 363 286 Capitulum
384 249 413 273 ,1
429 249 458 272 1.
491 235 542 273 de
556 242 792 274 ornamento
807 235 921 286 regis.
935 243 971 274 et
989 235 1244 286 prerogativa,
1260 243 1298 275 et
1313 236 1561 276 abstinencia

81 305 103 330 a
125 289 379 338 multiloquio
400 297 438 328 et
460 290 670 328 consorcio
691 289 954 328 subditorum.
1413 289 1469 341 (p.
1492 292 1562 344 48)

136 343 366 394 Capitulum
390 357 466 382 .12.
499 344 549 383 de
577 344 869 383 consuetudine
899 344 1050 394 optima
1079 358 1214 395 regum
1244 344 1371 392 Indie,
1395 346 1560 390 scilicet,

81 400 131 439 de
158 411 242 436 rara
269 399 354 448 ejus
381 397 636 448 apparicione
666 411 799 436 coram
832 398 1087 437 multitudine
1108 407 1145 438 et
1167 400 1277 449 quod
1299 406 1394 438 tunc
1414 400 1560 439 debeat

45 462 63 495 5
83 455 208 492 facere
239 451 460 502 magnifica,
492 459 530 491 et
560 453 670 502 quod
701 460 796 491 tunc
826 453 971 492 debeat
1000 453 1270 492 commendari
1294 453 1334 492 in
1356 456 1562 504 presencia

81 521 150 547 sua
169 519 302 546 coram
321 508 481 557 populo,
499 514 536 545 et
553 506 714 546 similier
735 509 907 558 populus
929 507 968 545 in
990 507 1194 557 presencia
1214 508 1324 558 regis,
1342 516 1380 547 et
1394 508 1562 558 qualiter

81 570 118 602 et
135 574 256 612 quare
276 569 314 600 et
336 562 446 611 quod
468 568 564 599 tunc
584 561 707 600 debet
728 561 867 611 punire
888 563 1100 600 sceleratos
1117 575 1208 600 cum
1227 575 1346 601 causa
1367 571 1404 601 et
1425 563 1562 602 debita

83 615 366 655 mercatoribus
388 615 598 662 remittere,
617 624 655 654 et
676 629 745 654 eos
766 617 975 655 honorare.
1036 618 1084 655 Et
1106 617 1156 655 de
1178 630 1316 655 eorum
1338 616 1507 657 utilitate
1523 626 1562 657 et

82 671 192 722 quod
213 683 351 709 cavere
373 670 519 709 debeat
541 683 591 709 ne
613 669 668 709 eis
690 670 906 721 injurietur.
1416 670 1470 723 (p.
1492 671 1563 724 49>

28 739 67 763 ιο
136 724 367 775 Capitulum
391 738 467 774 .13.
501 726 552 763 de
586 724 687 763 vicio
718 732 757 764 et
788 724 896 764 coitu
928 724 1100 763 vitandis
1133 733 1171 764 et
1199 725 1305 764 finali
1334 725 1562 766 intencione

83 779 195 830 regis.
216 780 297 818 sive
311 780 362 818 de
378 780 557 830 appetitu
574 786 612 818 et
634 779 863 818 intencione
885 780 984 830 regis
1002 786 1040 817 et
1057 780 1142 829 ejus
1164 780 1346 819 castitate
1420 780 1474 832 (p.
1494 780 1562 833 5ο)

136 833 367 884 Capitulum
390 848 467 881 .14.
499 835 550 872 de
579 835 680 884 regis
711 835 859 873 solacio
890 840 928 872 et
956 834 1007 872 de
1036 834 1233 873 modestia
1253 836 1383 873 vultus
1404 843 1442 873 et
1464 835 1563 874 risus

84 896 121 929 et
160 889 210 928 de
249 887 522 927 instrumentis
549 886 554 939 ξ
581 887 742 927 musicis
781 887 1006 935 audiendis,
1046 895 1084 926 et
1130 889 1181 927 de
1220 891 1375 927 cautela
1412 889 1563 940 optima

83 942 276 994 querendi
296 950 458 991 secreta,
482 950 520 981 et
533 944 584 982 de
605 944 730 982 modo
751 942 1031 982 honoracionis
1052 956 1260 993 procerum
1283 951 1320 982 et
1341 945 1392 982 de
1413 945 1503 983 loco
1524 944 1563 982 in

0 1016 1 1027 π
29 1006 66 1040 15
85 1010 165 1049 quo
189 996 314 1048 magis
336 1004 493 1036 tenetur
513 1011 582 1036 eos
604 999 810 1036 honorare.
1417 997 1471 1050 (p.
1496 997 1565 1050 51)

0 1073 1 1093 ;
137 1051 367 1102 Capitulum
388 1051 735 1101 quintodecimum
752 1053 803 1091 de
819 1051 1034 1102 punicione
1050 1053 1329 1102 injuriancium
1351 1059 1389 1091 et
1403 1054 1453 1092 de
1474 1066 1565 1092 con-

0 1101 1 1115 *
84 1105 311 1146 versacione
340 1106 439 1157 regis
467 1107 519 1145 ad
541 1106 724 1145 subditos
755 1114 798 1145 ut
830 1114 965 1145 ament
988 1119 1092 1154 eum,
1114 1113 1154 1145 et
1180 1107 1231 1145 de
1256 1108 1340 1157 ejus
1367 1107 1565 1157 probitate

0 1123 2 1199 l
84 1171 122 1200 et
142 1162 252 1211 quod
273 1160 509 1199 obediencia
531 1160 793 1200 dominatoris
814 1168 985 1211 quatuor
1007 1160 1138 1199 modis
1159 1161 1387 1209 attenditur,
1407 1170 1445 1200 et
1467 1161 1565 1212 quid

0 1212 3 1261 l
85 1217 212 1255 facere
232 1215 378 1254 debeat
399 1228 465 1253 rex
486 1229 537 1254 ne
557 1217 696 1266 vulgus
717 1215 873 1254 sinistra
893 1217 944 1254 de
966 1228 1014 1254 eo
1035 1217 1230 1265 loquatur.
1419 1215 1472 1268 (p.
1498 1215 1566 1268 52>

0 1271 4 1310 l
32 1287 71 1309 κο
139 1269 371 1320 Capitulum
393 1272 469 1308 .16.
501 1271 552 1309 de
582 1269 682 1321 regis
712 1269 972 1310 similitudine
1000 1277 1039 1309 et
1068 1270 1375 1321 comparacione
1402 1272 1487 1321 ejus
1513 1273 1565 1310 ad

1 1315 4 1393 j
86 1325 259 1376 pluviam
290 1332 328 1363 et
350 1331 489 1363 ventos
517 1332 556 1363 et
577 1325 762 1375 hyemem
790 1332 828 1364 et
853 1331 1033 1371 estatem,
1057 1331 1095 1363 et
1115 1326 1167 1363 de
1188 1325 1357 1364 utilitate
1377 1326 1510 1376 pluvie
1526 1333 1565 1365 et

87 1386 307 1426 ventorum,
329 1386 369 1418 et
389 1380 440 1418 de
462 1378 575 1418 malis
596 1392 674 1429 que
695 1392 787 1417 cum
811 1379 884 1418 illis
906 1380 1110 1426 eveniunt,
1131 1386 1169 1418 et
1190 1380 1301 1429 quod
1323 1381 1361 1418 in
1384 1387 1564 1430 ternpore

89 1434 192 1473 malo
227 1433 440 1484 implorant
472 1441 649 1473 creature
684 1433 944 1472 clemenciam
979 1433 1178 1474 Creatoris
1211 1442 1253 1472 ut
1288 1434 1339 1473 ab
1373 1434 1428 1473 eis
1462 1435 1565 1473 mala

87 1489 284 1528 tollantur.
340 1488 391 1527 Et
412 1489 523 1538 quod
543 1489 621 1527 hoc
641 1501 722 1527 non
744 1489 928 1528 obstante
952 1490 1063 1527 Deus
1085 1488 1251 1527 sustinet
1273 1488 1354 1527 sive
1374 1488 1566 1540 permittit

4 1535 7 1579 l
33 1555 70 1587 ²5
89 1542 293 1593 superiora
313 1550 447 1582 tenere
469 1556 628 1582 cursum
652 1555 773 1593 quem
796 1543 852 1582 eis
874 1544 1021 1582 statuit.
1418 1542 1473 1595 (p.
1497 1556 1517 1594 5
1524 1542 1566 1595 3)

142 1597 373 1648 Capitulum
395 1609 471 1646 .17.
493 1599 544 1636 de
574 1598 848 1637 subvencione
874 1611 1091 1649 egenorum
1117 1604 1155 1636 et
1182 1597 1282 1648 regis
1310 1598 1567 1648 providencia

90 1659 227 1690 contra
247 1665 409 1691 causam
430 1653 614 1691 futuram.
1420 1651 1474 1704 (p.
1498 1652 1567 1705 54)

143 1706 373 1757 Capitulum
396 1708 471 1746 .18.
502 1707 553 1746 de
575 1706 674 1758 regis
696 1706 967 1746 misericordia
983 1708 1093 1757 quod
1114 1719 1180 1745 rex
1200 1720 1282 1746 non
1303 1706 1351 1745 sit
1372 1707 1496 1746 facilis
1517 1708 1569 1747 ad

89 1760 322 1800 effusionem
344 1761 546 1812 sanguinis
566 1775 658 1800 cum
679 1774 800 1800 causa
821 1761 989 1800 mirabili
1011 1769 1049 1801 et
1077 1761 1229 1812 optima
1249 1769 1287 1800 et
1309 1769 1367 1800 est
1394 1761 1569 1801 doctoris

34 1823 73 1855 30
89 1815 233 1867 egregii
254 1815 536 1867 Hermogenis.
1422 1815 1475 1867 (p.
1499 1815 1567 1868 55)

144 1871 374 1922 Capitulum
397 1884 474 1921 .19.
505 1871 556 1910 de
583 1870 774 1909 fidelitate
795 1879 833 1910 et
857 1872 1084 1920 juramento
1112 1870 1315 1909 servandis
1345 1872 1569 1910 secundum

90 1926 316 1976 exemplum
345 1926 599 1975 antiquorum
632 1933 670 1964 et
695 1926 746 1964 de
773 1925 965 1964 memoria
992 1926 1092 1975 regis
1117 1932 1155 1964 et
1182 1926 1465 1964 recordacione
1486 1939 1570 1976 pre-

90 1980 307 2028 teritorum,
328 1988 367 2019 et
388 1980 498 2030 quod
519 1979 687 2030 quilibet
707 1981 830 2018 homo
852 1980 972 2019 habet
993 1980 1095 2018 duos
1117 1979 1275 2029 spiritus
1295 1979 1568 2019 custodientes

91 2047 133 2073 se
164 2034 334 2074 scientes
366 2035 473 2073 bona
504 2042 543 2073 et
574 2035 689 2081 mala,
720 2034 880 2081 scilicet,
910 2042 1056 2072 cuncta
1076 2047 1196 2084 opera
1216 2047 1286 2072 sua
1306 2034 1568 2073 rescribentes

11 2102 15 2146 ἱ
34 2093 72 2125 35
91 2088 269 2129 Creatori
296 2088 489 2139 quicquid
516 2088 745 2127 discreverit
771 2089 999 2127 faciendum
1018 2103 1026 2135 3
1066 2095 1105 2127 et
1126 2089 1236 2138 quod
1256 2101 1322 2126 rex
1342 2102 1425 2127 non
1446 2088 1569 2128 debet

88 2144 232 2193 jurare,
262 2151 301 2183 et
333 2143 364 2182 si
397 2144 513 2182 faciat
543 2157 630 2182 raro
661 2151 808 2191 tamen,
842 2150 880 2182 et
912 2144 962 2182 de
992 2156 1112 2181 causa
1141 2142 1429 2181 destruccionis
1458 2143 1569 2193 regni

92 2198 413 2248 Anibasoyorum
428 2206 466 2236 et
483 2197 691 2246 Scitarum,
710 2205 748 2236 et
769 2199 820 2236 de
840 2198 1104 2248 promissione
1125 2197 1306 2236 doctrine
1327 2196 1509 2247 specialis
1530 2205 1569 2237 et

93 2253 250 2291 moralis
270 2253 321 2292 ad
342 2253 562 2303 regendum
584 2252 773 2291 familiam
790 2260 828 2291 et
849 2253 1044 2303 populum
1066 2265 1336 2291 communem.
1423 2251 1477 2304 (p.
1501 2251 1569 2304 56)

145 2307 376 2358 Capitulum
394 2321 471 2346 .20.
502 2308 553 2346 de
566 2306 700 2346 studio
713 2308 989 2357 promovendo
1002 2315 1040 2346 et
1054 2307 1165 2357 quod
1180 2319 1260 2345 non
1275 2314 1334 2345 est
1346 2307 1569 2346 dolendum

16 2370 76 2414 ¹40
92 2360 142 2400 de
175 2361 350 2401 adversis
384 2361 591 2412 preteritis,
626 2361 720 2412 quia
753 2361 896 2400 mutari
935 2375 1016 2400 non
1053 2368 1232 2412 possunt,
1270 2368 1309 2400 et
1343 2362 1393 2400 de
1428 2361 1569 2400 studiis

93 2415 291 2466 sapiencie
311 2416 543 2456 ordinandis
564 2424 602 2455 et
623 2417 741 2455 scolis
761 2424 800 2455 et
821 2415 961 2455 studiis
983 2415 1240 2467 preparandis
1261 2422 1299 2454 et
1324 2415 1570 2466 prerogativa

0 2477 2 2507 Ι
97 2470 278 2510 facienda
300 2471 402 2510 bene
423 2470 678 2510 studentibus
703 2484 794 2510 cum
816 2471 964 2509 causa.¹
1426 2468 1478 2522 (p.
1504 2469 1574 2522 58)

147 2525 378 2576 Capitulum
402 2540 477 2565 .21.
510 2527 562 2564 de
589 2525 777 2565 cavendis
802 2525 1035 2564 mulieribus
1063 2533 1101 2564 et
1129 2524 1291 2563 venenis
1312 2532 1350 2563 et
1371 2524 1482 2563 omni
1503 2524 1572 2563 im-

0 2588 3 2607 ¹
20 2590 21 2594 ’
95 2580 306 2628 mundicia,
323 2589 361 2619 et
377 2581 428 2620 de
444 2579 621 2631 corporis
637 2579 820 2619 custodia
835 2588 874 2619 et
890 2581 1000 2630 quod
1015 2594 1090 2619 .10.
1110 2578 1257 2618 medici
1277 2580 1517 2619 conveniant
1533 2580 1573 2617 in

20 2667 36 2690 '¹’
140 2665 219 2703 ¹,In
232 2678 253 2698 a
269 2667 475 2701 Iaterlzand:
505 2669 513 2686 ‘
530 2667 615 2699 Item
640 2667 682 2699 de
701 2667 814 2707 puella
836 2667 965 2698 nutrita
989 2667 1021 2698 in
1045 2667 1148 2698 domo
1172 2667 1281 2707 patris
1297 2667 1348 2698 sui
1366 2677 1432 2708 que
1449 2667 1578 2698 sciebat

21 2714 23 2751 i
80 2719 350 2761 ‚astronomiam‚
367 2725 401 2751 et
416 2719 674 2760 vituperacione
691 2720 891 2752 clericorum
909 2720 1115 2751 famosorum
1134 2724 1168 2750 et
1186 2729 1307 2750 senum
1333 2719 1365 2750 in
1389 2719 1502 2751 studio
1518 2719 1576 2758 qui

57 2781 78 2798 ·,
94 2771 254 2811 ignorant
271 2783 311 2804 ea
327 2783 394 2814 que
412 2773 524 2813 puella
541 2772 694 2805 sciebat!

1584 902 1624 934 29
1641 903 1672 924 a.
