1908 3126
1048 106 1102 146 66

323 240 494 290 durare,
507 240 674 281 studiat
690 239 918 292 adquirere
929 253 1014 293 que
1028 239 1301 280 durabilitati
1311 238 1326 262 1
1340 238 1608 289 conveniunt
1621 243 1665 278 et
1679 237 1816 278 vitam

324 316 602 359 conservant,
636 316 679 351 et
718 310 939 350 renunciet
975 310 1203 351 desideriis
1241 309 1415 363 proprie
1451 307 1705 358 voluntatis,
1736 319 1817 348 nec

324 380 645 421 comestionem
668 379 1009 421 comestionibus
1029 379 1310 434 superaddat.
1691 435 1693 437 -

37 465 232 499 Hippocrates
384 449 552 492 Audivi
590 450 644 491 de
681 449 910 503 Ypocrate
945 450 1065 503 quod
1104 449 1393 490 conservabat
1421 449 1569 489 'dietas
1606 446 1698 496 sibi,
1738 460 1817 500 pro

36 500 484 572 tOIffiiSdi*Ciplwquibus
513 519 789 561 debilitatem
829 520 872 560 in
910 533 1092 573 corpore
1123 518 1382 560 sustinebat.
1443 516 1524 558 Cui
1561 517 1676 558 dixit
1712 530 1816 558 suus
1837 533 1854 563 5

325 589 589 643 discipulus:
643 589 815 631 Doctor
858 591 1045 644 egregie,
1078 590 1112 630 si
1146 589 1279 630 velles
1312 588 1426 630 bene
1457 588 1697 637 comedere,
1729 600 1816 628 non

276 658 281 662 ’
325 659 564 700 sustineres
587 666 753 700 tantam
776 660 970 713 corporis
996 660 1305 701 debilitatem.‘
1352 658 1601 711 Respondit
1615 657 1816 710 Ypocras

37 737 294 776 {eattolivemot
326 735 370 770 et
402 729 539 771 dixit:
574 729 666 779 Fili,
700 744 782 785 ego
813 730 929 771 volo.
948 731 1180 771 comedere
1212 735 1259 770 ut
1289 729 1450 788 vivam3
1474 742 1561 768 non
1588 727 1736 768 vivere
1767 733 1816 768 ut

33 772 132 799 ΜΗΘ
145 778 203 799 ‘m'
324 799 587 840 comedam.·
626 799 906 841 Alimentum
931 801 1049 841 enim
1072 807 1254 854 propter
1280 797 1608 839 durabilitatem
1631 810 1814 851 queren-
1858 814 1861 819 ·

216 887 258 917 54
275 876 307 907 b.
325 869 431 910 dum
453 876 533 920 est,
555 883 642 911 non
671 871 931 912 durabilitas
963 877 1146 924 propter
1177 870 1446 910 alimentum.
1476 866 1481 921 Ι
1512 867 1681 908 Multos
1711 881 1816 908 sane
1839 887 1877 912 10

34 950 305 992 Meqwhobeeqme
324 939 426 979 novi
460 940 532 993 qui
566 941 672 981 dum
704 940 911 982 vixerunt
941 931 1250 982 diminuerunt⁴
1274 939 1329 980 de
1360 939 1570 979 alimento
1599 944 1643 978 et
1669 950 1815 978 come-
1853 985 1862 992 ρ

32 985 280 1047 ἷξῗῖἑῗῗὲᾎῗῖᾗω
323 1009 479 1061 stione,
501 1010 776 1053 abstinentes
807 1025 853 1052 se
886 1026 911 1051 a
943 1013 1030 1052 suis
1062 1010 1343 1065 appetitibus,
1377 1015 1606 1062 parcentes
1636 1007 1738 1062 gule
1770 1015 1813 1049 et

322 1078 521 1121 viventes
563 1087 809 1135 temperate
858 1095 936 1135 per
982 1082 1132 1133 dietas,
1174 1081 1250 1135 qui
1294 1080 1465 1121 fuerunt
1509 1085 1689 1132 propter
1729 1077 1814 1119 hoc

321 1149 537 1190 sanissimi
579 1151 786 1204 corporis,
826 1151 1014 1192 melioris
1057 1151 1341 1205 operacionis,
1384 1148 1592 1203 longioris
1634 1148 1734 1198 vite,
1770 1155 1828 1189 et·

322 1218 425 1259 boni
452 1220 679 1273 appetitus
707 1228 750 1262 et
780 1220 955 1262 levioris
986 1229 1157 1264 motus:
1192 1228 1233 1262 et
1264 1220 1349 1262 hoc
1371 1226 1438 1261 est
1467 1217 1748 1260 manifestum
1771 1218 1813 1259 in
1836 1237 1873 1270 15

30 1294 147 1357 Xirffiffs
161 1296 208 1322 the
322 1287 551 1330 Arabibus
569 1296 612 1331 et
634 1304 739 1343 sepe
757 1292 966 1332 euntibus
984 1305 1061 1345 per
1078 1293 1251 1333 deserta
1275 1297 1318 1331 et
1341 1290 1496 1331 itinera
1518 1289 1664 1343 longa.
1712 1288 1813 1330 Hoc

321 1365 386 1399 est
417 1359 699 1401 manifestum
726 1368 1038 1415 argumentum
1071 1363 1188 1415 quod
1218 1361 1438 1411 abstinere
1460 1374 1485 1400 a
1507 1359 1640 1399 nimia
1666 1372 1810 1401 come-

321 1427 464 1469 stione
485 1434 528 1470 et
551 1430 900 1483 superfluitatem
922 1445 1114 1486 purgare
1135 1438 1199 1472 est
1222 1445 1396 1472 summa
1420 1429 1650 1470 medicina.

383 1596 632 1652 Capitulum
655 1634 663 1642 .
669 1608 737 1657 3¹1¹.
761 1603 813 1645 de
842 1603 1167 1646 conservacione
1197 1605 1405 1646 sanitatis
1434 1604 1668 1645 secundum
1698 1619 1809 1647 com-

309 1666 529 1720 plexionis
544 1672 803 1722 qnalz'tafcm
822 1680 864 1714 et
881 1674 1097 1728 tempori-v,
1114 1674 1207 1715 sive
1228 1673 1281 1714 de
1300 1673 1513 1715 cz'bacione
1534 1682 1577 1716 et
1587 1675 1811 1729 polacz'one
1831 1694 1871 1716 20

316 1738 549 1779 secundnm
571 1742 902 1796 complexionem
925 1744 1151 1798 cujuslibet
1170 1752 1213 1785 ct
1231 1744 1463 1785 secundnm
1489 1751 1693 1799 tempora.

29 1855 271 1924 {ggeffgznffgmh
484 1854 759 1908 Alexander,
795 1857 837 1897 in
881 1859 1102 1900 medicina
1142 1859 1393 1900 continetur
1427 1859 1721 1901 certissimum
1763 1869 1806 1901 et

445 1926 717 1967 verissimum
761 1929 1092 1979 documentum,
1141 1930 1245 1983 quia
1287 1930 1564 1971 conservacio
1605 1930 1808 1972 sanitatis

28 2002 262 2067 QQQOedss‘ging
320 1994 361 2035 in
394 1996 566 2037 duobus
594 1996 896 2050 principaliter
925 2000 1140 2041 consistit.
1204 1999 1399 2040 Primum
1426 2006 1491 2040 est
1524 2001 1643 2053 quod
1670 2000 1807 2042 homo

28 2064 143 2102 habifsz
321 2073 471 2107 utatur
500 2066 610 2108 cibis
640 2068 1003 2109 convenientibus
1031 2084 1106 2110 sue
1138 2070 1245 2110 etati
1275 2076 1317 2110 et
1347 2070 1538 2131 tempori
1562 2071 1604 2111 in
1628 2084 1716 2125 quo
1738 2078 1805 2112 est
1827 2088 1866 2120 25

320 2143 364 2178 et
399 2138 709 2178 consuetudini
752 2151 831 2179 sue
873 2146 1042 2189 nature,
1077 2139 1294 2191 videlicet,
1330 2147 1378 2181 ut
1422 2147 1571 2182 utatur
1610 2141 1719 2183 cibis
1760 2148 1805 2183 et

321 2208 502 2260 potibus
545 2208 704 2262 quibus
745 2210 974 2251 consuevit
1020 2211 1191 2264 nutriri,
1231 2219 1275 2253 et
1317 2212 1477 2265 quibus
1523 2226 1649 2253 suam
1702 2213 1804 2254 sub-

26 2287 208 2355 (Kssrgffigzgs
222 2323 280 2349 and
319 2279 535 2319 stanciam
572 2278 864 2321 confirmavit.
929 2280 1184 2322 Secundum
1218 2289 1285 2323 est
1319 2283 1439 2336 quod
1473 2289 1631 2338 purget
1663 2297 1708 2324 se
1745 2285 1803 2325 ab

27 2357 299 2397 corrupthumours.
320 2360 374 2388 eo
402 2349 520 2402 quod
551 2355 788 2403 generatur
809 2363 866 2391 ex
890 2350 1191 2404 superfluitate
1213 2359 1257 2393 et
1280 2353 1498 2405 corruptis
1528 2353 1802 2405 humoribus,

319 2416 557 2459 Sciendum
601 2426 668 2460 est
712 2419 844 2473 igitur
894 2422 1014 2474 quod
1056 2434 1238 2475 corpora
1291 2423 1518 2463 hominum
1561 2437 1647 2477 que
1699 2432 1801 2466 sunt
1822 2436 1863 2467 30

363 2580 403 2612 19
426 2571 579 2611 Chapter
594 2573 708 2604 xxxiv.
734 2573 770 2604 V.

361 2709 373 2730 ¹
400 2713 566 2752 ‘propter
589 2711 670 2743 illud
690 2723 794 2753 quere
816 2713 938 2745 librum
962 2714 1076 2746 fratris
1102 2714 1232 2756 Rogeri
1258 2715 1374 2748 Bacun
1394 2718 1437 2749 de
1454 2718 1689 2750 retardacione
1713 2720 1798 2751 acci-

317 2763 439 2794 dencia
456 2765 640 2796 senectutis
658 2770 692 2797 et
709 2765 981 2806 prolongacione
998 2767 1066 2799 vite
1078 2766 1098 2807 '‚
1119 2768 1153 2798 in
1171 2779 1281 2810 mmg.
1299 2769 1383 2800 later
1395 2769 1498 2803 hand.
