1908 3126
779 133 833 173 47

67 236 466 292 vituperacionem:
499 250 555 276 ex
588 250 675 290 qua
707 236 898 277 nascitur
928 235 1186 291 captivitas¹
1221 251 1307 290 que
1339 236 1459 278 ducit
1490 237 1544 277 ad
1565 241 1766 301 Plssnngengffiw

71 308 376 349 detrimentum
417 306 524 360 legis
567 313 609 347 et
653 306 1000 348 destruccionem
1044 306 1351 348 familiaritatis
1401 313 1443 348 et
1489 307 1544 347 ad
1565 310 1747 336 de>tr1¹cti=>¹³=

72 377 238 418 ruinam
262 377 400 418 tocius
422 377 565 430 operis
587 392 593 417 :
626 383 667 417 et
691 376 773 417 hoc
795 383 860 417 est
883 377 1147 417 contrarium
1175 382 1340 417 nature.

134 506 380 560 Capitulum
412 519 463 557 .9.
485 506 537 546 de
564 506 682 559 regis
706 507 924 560 sapiencia
944 512 987 546 et
1015 505 1227 558 relzgrimle,
1249 512 1291 546 et
1312 505 1572 547 intencione·
1607 512 1610 515 ’
1793 517 1832 567 g

33 593 52 627 5
61 577 200 632 finali
217 590 346 630 quam
367 575 487 616 debet
508 574 670 616 habere.
702 573 706 630 Ι

170 664 302 705 Rimo
320 670 363 705 et
385 663 684 718 principaliter
701 663 903 704 convenit
927 664 1015 715 regi
1033 669 1247 716 quantum
1266 664 1321 704 ad
1344 663 1603 716 seipsu1n‚ffi¹
1628 668 1667 713 3·-

170 741 217 775 ut
242 733 358 774 fama
376 733 442 773 sui
460 733 648 773 nominis
666 733 918 786 divulgetur
940 733 981 772 in
1007 733 1215 774 laudabili
1232 733 1479 786 sapiencia,
1503 740 1545 773 et
1564 708 1747 775 stagnum
1762 709 1793 736 Os

69 794 187 857 quod
219 817 317 844 cum
351 803 436 843 suis
468 802 720 843 hominibus
750 802 1039 844 raciocinetur
1061 803 1294 856 sapienter,
1317 803 1420 855 quia
1450 803 1548 843 inde

69 875 270 915 laudatur
301 879 343 913 et
374 873 625 922 honoratur,
657 873 758 913 inde
788 872 966 913 timetur
997 872 1053 913 ab
1084 871 1344 920 hominibus,
1371 872 1548 925 quando

6 955 54 980 ,ιο
69 941 218 984 vident
242 957 341 983 eum
365 942 406 982 in
435 956 512 983 sua
535 942 754 996 sapiencia
776 941 1056 994 eloquentem
1079 955 1186 992 esse,
1209 947 1252 981 et
1275 941 1316 981 in
1341 941 1547 994 operibus

72 1014 307 1067 prudenter
324 1020 544 1066 agentem.
608 1012 743 1053 Porro
765 1013 820 1052 de
843 1011 927 1052 levi
951 1018 1100 1064 potest
1117 1011 1228 1061 sciri,
1244 1017 1288 1051 et
1311 1025 1387 1064 per
1404 1017 1547 1051 cetera
1566 1019 1626 1067 The
1641 1019 1742 1056 toktfns
1755 1018 1787 1043 of

70 1083 191 1137 signa
213 1081 499 1136 apprehendi,
522 1095 576 1122 an
608 1081 649 1121 in
677 1095 777 1134 rege
799 1080 1018 1135 sapiencia
1040 1081 1108 1122 vel
1131 1080 1382 1134 insipiencia
1404 1080 1547 1121 dorni-
1565 1053 1682 1119 Effipm
1697 1061 1723 1078 ω
1738 1062 1755 1078 a

71 1159 207 1203 netur,
240 1152 342 1205 quia
377 1151 627 1204 quicunque
659 1165 736 1192 rex
771 1151 981 1204 supponit
1015 1163 1199 1204 regnum
1237 1163 1364 1191 suum
1403 1150 1548 1189 divine

70 1221 157 1276 legi
179 1221 338 1274 dignus
359 1227 424 1261 est
447 1234 628 1274 regnare
651 1226 693 1261 et
715 1220 954 1262 honorifice
977 1219 1204 1261 dominari.
1268 1218 1356 1273 Qui
1379 1232 1482 1259 vero
1505 1219 1546 1259 in
1566 1228 1750 1288 ssfi-{hffl'issssff
1765 1228 1812 1254 the

16 1303 53 1337 15
68 1291 320 1333 seivitutem
354 1289 511 1343 redigit
544 1290 629 1331 Dei
661 1289 818 1343 legem,
850 1290 1069 1332 subiciens
1101 1303 1197 1330 eam
1227 1303 1307 1330 suo
1340 1302 1473 1343 regno
1505 1295 1548 1330 et

72 1360 266 1415 imperio,
305 1367 600 1414 transgressor
641 1367 708 1400 est
754 1359 948 1400 veritatis
990 1366 1033 1400 et
1075 1365 1356 1412 contemptor
1398 1358 1547 1399 divine

74 1431 191 1485 legis.
255 1429 343 1483 Qui
365 1443 470 1470 vero
497 1430 773 1483 contempnit
806 1429 998 1470 divinam
1032 1427 1189 1483 legem,
1210 1427 1267 1468 ab
1295 1428 1547 1469 horninibus
1565 1440 1823 1468 orfausimocon-

71 1502 142 1555 qui
174 1498 351 1551 suntin
385 1499 481 1554 lege
510 1506 858 1553 contempnetur,
891 1498 992 1552 quia
1025 1499 1376 1552 condempnatus
1410 1505 1475 1539 est
1505 1499 1547 1539 in
1566 1482 1664 1508 *emp*

70 1571 166 1623 lege
181 1569 208 1610 2.

32 1651 54 1674 ο
125 1626 195 1681 De·
214 1640 350 1694 Regis
369 1640 586 1694 relzgz'one.
1019 1691 1022 1693 Β

130 1710 242 1751 Dico
275 1711 433 1751 iterum
470 1712 588 1764 quod
623 1711 844 1766 sapientes
879 1710 1128 1765 philosophi
1166 1716 1209 1751 et
1243 1709 1451 1751 divinitus
1486 1710 1548 1750 lo—
1568 1713 1769 1746 Ρὴίῑοεοιῡῆεῑ-ς

71 1786 255 1834 quentes
286 1781 494 1821 dixerunt
527 1781 644 1833 quod
670 1781 864 1834 inprimis
896 1781 1048 1821 deceat
1075 1780 1242 1834 regiam
1271 1748 1835 1833 majestatemgffgffist‘g³¹0¹&

70 1849 374 1903 obtemperare
405 1863 450 1891 se
476 1849 688 1904 legalibus
717 1850 939 1901 institutis,
961 1863 1047 1891 non
1080 1850 1122 1890 in
1153 1849 1254 1890 ficta
1284 1817 1709 1903 apparenciarehghm

69 1925 135 1960 set
171 1919 212 1960 in
246 1918 372 1960 firma
405 1926 449 1960 et
479 1933 582 1960 vera
615 1919 716 1961 facti
747 1920 984 1970 evidencia‚
1018 1927 1065 1960 ut
1097 1926 1364 1972 cognoscant
1395 1933 1548 1960 omnes

34 1989 210 2042 5ipsum
251 1988 397 2029 Deum
439 1989 595 2030 timere
629 1989 862 2040 excelsum,
900 1996 943 2030 et
980 2002 1074 2029 esse
1111 1988 1359 2041 subjectum
1402 1989 1548 2029 divine

69 2059 280 2113 potencie.
344 2058 468 2099 Tunc
506 2059 623 2100 enim
659 2059 799 2100 solent
836 2058 1037 2100 homines
1079 2058 1263 2099 revereri
1307 2065 1350 2099 et
1392 2058 1548 2099 timere
1566 2050 1806 2110 {2‡‡E?3,{'¹“**³¹¹

70 2142 216 2182 regem
239 2128 415 2181 quando
437 2128 587 2169 vident
614 2129 754 2182 ipsum
784 2129 937 2169 timere
964 2127 968 2183 Ι
999 2134 1042 2168 et
1070 2128 1252 2169 revereri
1276 2128 1436 2168 Deum.
1500 2127 1547 2169 Si
1566 2141 1603 2171 41
1625 2131 1656 2162 b-

70 2198 217 2252 itaque
246 2205 420 2239 tantum
453 2198 496 2239 in
528 2198 793 2251 apparencia
825 2197 1069 2250 religiosum
1102 2211 1148 2238 se
1185 2198 1390 2248 ostendit,
1424 2204 1468 2238 et
1505 2197 1547 2238 in
1569 2206 1757 2244 Hypocrisy,

72 2269 276 2322 operibus
317 2268 373 2309 sit
411 2267 658 2322 (malidicus
691 2268 776 2321 vel)
813 2266 1094 2316 malefactor;
1135 2281 1233 2307 curn
1276 2255 1454 2308 difficile
1491 2267 1547 2308 sit
1565 2247 1669 2268 mmm
1684 2241 1717 2266 be
1731 2241 1789 2267 Μ’

13 2354 55 2386 „o
71 2338 282 2392 nepharia
327 2352 461 2392 opera
498 2338 627 2380 celari
666 2345 708 2379 ct
746 2338 863 2392 apud
901 2337 1110 2391 populum
1145 2337 1349 2390 ignorari,
1385 2351 1411 2377 a
1449 2336 1548 2378 Deo

72 2407 375 2461 reprobabitur
405 2414 450 2449 et
482 2407 540 2449 ab
577 2407 837 2449 hominibus.
860 2413 1220 2461 contempnetur;
1267 2405 1550 2447 infamabitur

71 2477 164 2529 ejus
181 2477 297 2517 fama
315 2483 358 2517 et
377 2476 470 2529 ejus
486 2477 951 2528 factum‚-diminuetur
969 2477 1062 2531 ejus
1082 2476 1326 2530 imperium,
1344 2476 1549 2517 diadema

127 2593 136 2612 ¹
168 2593 324 2639 mentis,
347 2591 511 2640 scilicet,
533 2598 571 2630 et
592 2592 707 2630 fame.

126 2645 328 2701 ''scilicen
350 2645 438 2686 Dei.

65 2749 82 2795 ,⁹
116 2768 135 2796 4
159 2756 260 2800 Book
279 2757 321 2796 11,
342 2756 496 2799 Chapter
510 2757 556 2788 xi.
578 2756 615 2789 V.
666 2756 852 2789 Discourse
871 2756 913 2788 11.
1095 2766 1138 2786 20
1162 2756 1315 2796 Chapter
1330 2755 1389 2787 xii.
1409 2756 1446 2788 V.
