1908 3126
783 68 863 109 159

80 167 477 223 apprehensionem
513 181 647 220 quam
683 166 742 207 illi
776 169 1173 221 apprehenderunt,
1207 184 1284 211 nec
1326 171 1555 213 scienciam

84 250 214 290 quam
258 235 317 276 illi
364 236 596 286 sciverunt,
642 243 690 277 ut
732 242 834 277 sunt
877 237 1114 280 divisiones
1157 239 1393 288 Altissimi‚
1436 241 1559 295 cujus

84 305 287 360 potencia
317 311 361 346 et
390 306 507 347 dona
540 312 642 347 sunt
672 305 916 359 glorificata
939 307 980 347 in
1005 309 1093 350 suis
1115 309 1324 350 creaturis
1347 311 1559 351 currenti-

0 380 5 430 }
83 376 164 417 bus
186 376 425 417 secundum
449 389 573 416 suam
605 375 947 429 disposicionem
978 383 1021 418 et
1043 378 1318 420 voluntatem
1342 385 1386 420 et
1409 393 1558 420 secun-

44 464 64 495 5
85 446 190 486 dum
220 458 342 485 suam
367 445 633 498 sapienciam
658 459 786 498 super
808 445 904 486 illos
933 460 1044 499 quos
1067 447 1251 489 voluerit
1275 454 1318 489 et
1340 449 1558 502 approba-

83 515 205 556 verit.
279 514 338 556 Et
377 528 463 555 non
501 514 726 568 elongabit
767 521 811 555 te
854 515 976 556 Deus
1013 516 1231 569 gloriosus
1269 518 1325 559 ab
1363 517 1446 558 illis
1483 519 1556 571 qui
1579 533 1817 559 (;-)‹l»=·illrevea1

85 585 331 626 habuerunt
352 584 465 625 hanc
488 584 736 634 scienciam,
758 598 857 624 cum
882 592 929 626 tu
953 586 1010 627 sis
1028 587 1083 627 de
1104 600 1287 627 numero
1311 601 1461 628 eorum
1484 589 1555 641 qui
1579 567 1654 593 ‘hem
1670 574 1698 594 ¹⁰
1712 577 1776 600 you'

87 654 338 695 desiderant
352 653 519 706 aliquid
536 654 776 706 adquirere,
791 660 832 694 ct
850 655 923 707 qui
944 655 1113 708 appetit
1131 656 1359 697 victoriam
1383 657 1558 707 habere,

83 723 429 764 aut-secundum
463 722 760 763 intencionem
793 736 917 763 suam
952 725 1008 765 ad
1041 725 1082 765 id
1115 726 1233 777 quod
1267 726 1453 779 appetit,
1485 735 1559 767 aut

24 810 62 835 ιο
80 793 322 834 secundum
345 791 638 832 humilitatem
664 805 806 832 rerum
829 793 1126 846 appetitarum
1150 794 1205 835 ad
1230 794 1386 847 ipsum.

139 861 262 916 Quot
293 861 425 916 igitur
451 867 551 901 sunt
574 861 617 901 in
645 860 730 902 hoc
752 862 918 902 mundo
946 862 1001 902 de
1031 864 1208 903 secretis
1231 863 1413 904 occultis
1437 871 1479 904 et
1503 866 1557 905 de
1580 879 1781 911 Manydonot

80 931 278 973 scienciis
314 930 497 972 occultis
529 930 843 971 universalibus
877 939 920 972 et
956 932 1304 985 particularibus,
1340 947 1424 986 que
1461 947 1556 987 per·
1576 913 1751 973 fefsssslss'ts‘hffi

81 1007 308 1042 transeunt
329 1000 529 1041 homines
551 1005 595 1040 et
619 1013 706 1040 non
732 1008 1059 1053 cognoscuntur
1081 1015 1159 1042 nec
1189 1001 1422 1043 intendunt
1443 1003 1556 1045 circa
1576 1017 1693 1055 negans-e
1709 1018 1775 1050 they
1789 1027 1837 1045 are

79 1071 207 1124 ipsas,
229 1079 273 1111 et
295 1070 378 1111 hoc
405 1070 520 1119 ideo,
543 1069 647 1122 quia
669 1083 822 1110 eorum
853 1070 1042 1111 intencio
1065 1077 1108 1112 et
1131 1071 1346 1112 desideria
1367 1073 1556 1115 tendunt
1576 1052 1706 1117 3331ξῖΫὲ
1719 1053 1843 1078 &Other

24 1156 60 1190 15
79 1139 133 1181 ad
168 1140 267 1189 alia,
304 1147 347 1181 et
388 1139 578 1180 alienum
623 1146 688 1180 est
723 1138 779 1179 ab
821 1139 882 1180 eis
924 1140 1044 1193 quod
1079 1146 1306 1194 appetunt.
1372 1141 1430 1183 Et
1461 1142 1554 1196 jam

79 1210 252 1251 ostendi
274 1209 355 1251 tibi
388 1209 596 1262 quicquid
625 1209 749 1250 vides
781 1209 823 1249 in
857 1209 940 1250 hoc
964 1211 1128 1250 mundo
1150 1208 1361 1265 senlsibus
1383 1212 1468 1252 tuis
1491 1219 1555 1253 est
1581 1230 1640 1250 120
1657 1221 1689 1252 b.

80 1287 234 1334 patens
270 1294 328 1320 ex
362 1280 545 1327 duobus,
578 1279 756 1328 scilicet,
794 1293 851 1320 ex
892 1280 1076 1321 materia
1110 1286 1154 1320 et
1185 1280 1337 1321 forma.
1401 1281 1557 1323 Omnis
1577 1293 1838 1320 Mauerandform.

79 1350 211 1404 igitur
251 1349 393 1391 forma
427 1349 638 1391 durabilis
671 1355 738 1390 est
776 1356 819 1390 et
856 1356 1070 1404 perpetua
1104 1350 1145 1390 in
1183 1350 1280 1403 ipso
1312 1357 1413 1392 ente
1449 1349 1556 1404 (sive
1575 1377 1813 1410 Allsormifipc„

79 1420 306 1475 operante)
339 1420 429 1460 sine
459 1419 823 1473 augmentacione
855 1426 898 1460 et
930 1417 1263 1461 diminucione.1
1326 1420 1385 1460 Et
1411 1421 1554 1461 omnis
1575 1411 1677 1442 Deum·

1575 1456 1619 1481 On

21 1508 61 1531 20
84 1490 281 1532 materia
300 1503 384 1543 que
412 1495 479 1530 est
512 1495 577 1529 est
611 1487 683 1529 in2
715 1489 1014 1542 generacione,
1037 1502 1124 1529 non
1152 1488 1303 1530 existit
1332 1489 1373 1529 in
1404 1489 1555 1543 aliquo
1574 1457 1774 1523 sspgfyeffilffigcl
1788 1492 1825 1524 by

78 1567 278 1614 tempore
294 1558 309 1583 ³
333 1573 391 1600 ex
415 1559 700 1614 temporibus,
729 1571 809 1600 nec
830 1558 951 1600 vides
981 1559 1063 1599 nisi
1091 1558 1276 1600 formam
1298 1560 1553 1601 animalium
1575 1524 1620 1549 me
1635 1534 1736 1551 bem&

81 1637 126 1672 et
155 1628 472 1683 vegetabilium
504 1635 547 1670 et
582 1628 858 1669 mineralium
892 1630 1204 1683 perdurantem
1238 1629 1281 1668 in
1307 1628 1458 1679 etate,4
1479 1643 1557 1671 nec

79 1699 262 1754 suscipit
293 1698 336 1739 in
367 1712 414 1739 se
440 1698 774 1753 corrupcionem
805 1697 875 1739 vel
905 1697 1142 1749 defectum,
1170 1705 1459 1753 augmentum
1488 1700 1555 1740 vel

78 1769 436 1819 diminucionem,
458 1768 562 1822 quia
585 1769 711 1810 abest
738 1775 781 1809 et
812 1769 976 1810 recedit
1005 1783 1082 1822 per
1103 1769 1434 1822 corrupcionem
1465 1783 1554 1810 cor·
1579 1779 1785 1805 Formrecedes

21 1855 59 1888 25
79 1839 197 1895 poris
231 1845 275 1880 et
311 1838 493 1879 materie
529 1836 766 1879 deferentis
804 1838 959 1892 ipsam,
996 1837 1116 1890 quod
1156 1843 1222 1878 est
1259 1838 1553 1890 compositum
1575 1813 1656 1872 1⁸:2³¹ssssss
1666 1813 1778 1879 {iffi-ge

76 1907 320 1951 necessario
352 1921 409 1948 ex
446 1907 777 1961 composicione
810 1907 1005 1961 parcium
1036 1920 1123 1960 que
1157 1913 1257 1947 sunt
1289 1906 1427 1948 divise
1453 1921 1552 1948 cum

78 1978 272 2020 motibus
299 1977 619 2018 incessantibus
645 1978 688 2018 in
719 1990 900 2030 corpore
921 1976 1134 2031 quamdiu
1157 1976 1311 2016 existit
1333 1975 1376 2016 in
1400 1989 1549 2031 aggre-

76 2048 260 2102 gacione
273 2054 317 2088 et
331 2047 655 2101 segregacione,
671 2052 714 2088 et
732 2046 988 2088 informacio
1002 2045 1260 2087 durabiliter
1273 2052 1533 2099 perseverat.

138 2117 284 2160 Causa
306 2124 456 2158 autem
479 2130 615 2170 quare
637 2116 858 2158 invenitur
880 2115 1023 2156 forma
1040 2114 1252 2157 durabilis
1275 2120 1317 2155 et
1338 2121 1552 2169 perpetua
1574 2125 1658 2185 qurml
1672 2125 1762 2152 isdue
1777 2132 1805 2152 ω

19 2203 60 2236 30
78 2194 142 2229 est
164 2188 268 2242 quia
293 2201 351 2228 ex
374 2186 561 2240 planetis
583 2186 857 2228 durabilibus
880 2192 924 2227 et
951 2185 1174 2239 perpetuis
1196 2191 1275 2226 est.
1339 2183 1399 2225 Et
1421 2197 1551 2226 causa
1570 2165 1617 2185 ne
1632 2166 1750 2192 panem-⁹

77 2257 372 2310 corrupcionis
400 2256 494 2310 ejus
516 2262 582 2298 est
604 2256 724 2310 quod
748 2255 901 2296 existit
924 2255 966 2295 in
996 2253 1314 2310 aggregacione
1336 2259 1380 2294 et
1407 2266 1551 2306 segre·
1572 2267 1728 2300 nst-hange
1743 2275 1772 2294 ι.)

1521 2323 1529 2330 .
1572 2301 1644 2327 their
1659 2301 1742 2328 inter-

78 2328 272 2381 gacione‚
305 2332 349 2368 et
377 2326 603 2380 separacio
635 2325 834 2380 pervenit
867 2339 924 2365 ex
957 2338 1010 2366 eo
1039 2323 1159 2377 quod
1183 2329 1247 2364 est
1277 2337 1335 2364 ex
1366 2323 1552 2377 planetls
1571 2335 1689 2362 actions.

129 2419 143 2440 ¹
171 2419 294 2465 aliter,
313 2419 535 2457 secundum
557 2418 931 2469 augmentacionem
953 2424 992 2455 et
1013 2414 1339 2455 diminucionem.

129 2471 143 2494 ²
172 2485 229 2513 ex.

129 2528 143 2548 ³
171 2527 293 2574 aliter,
328 2528 379 2565 Et
413 2526 544 2566 omnis
575 2535 714 2566 natura
740 2526 779 2564 in
809 2522 1109 2578 ge[neracio]ne
1130 2522 1310 2562 consistit
1340 2536 1387 2562 ex
1418 2522 1553 2573 aliquo

18 2582 59 2616 35
77 2590 265 2629 ternpore.
652 2583 664 2602 ⁴
693 2581 817 2625 aliter,
839 2580 878 2617 in
899 2588 1003 2618 ente.

125 2702 164 2723 10
186 2692 426 2732 humilitatem]
444 2691 656 2723 habilitatem
679 2691 711 2721 V
855 2701 895 2729 27
921 2687 1186 2729 incessantibus]
1204 2687 1492 2719 contrariantibus
1513 2686 1545 2717 V
