1908 3126
1007 44 1087 97 156
1835 0 1871 162 ἶ

303 172 455 200 eorum
480 159 702 210 domibus,
725 166 769 200 et
793 159 948 199 ordina
979 159 1101 213 ipsos
1130 159 1334 215 planetas
1361 165 1406 200 et
1432 158 1559 213 signa
1580 171 1666 212 que
1693 166 1796 199 sunt
1845 182 1861 220 ³:

302 242 360 269 ex
384 228 543 270 eadem
574 235 746 280 natura,
770 229 983 283 quoniam
1013 229 1098 271 hoc
1125 236 1193 272 est
1224 229 1368 283 capud
1399 229 1558 283 operis.
1623 227 1682 269 Et
1711 227 1799 268 sint

303 298 455 340 omnia
498 312 637 352 opera
687 306 766 340 tua
817 299 860 339 in
915 298 1155 340 manifesto
1202 306 1247 340 et
1291 298 1468 341 occulto
1505 298 1639 353 juxta
1685 297 1800 338 hunc

306 368 504 419 modum,
526 368 708 419 scilicet,
728 368 862 422 juxta
891 367 1131 421 qualitates
1164 382 1241 410 seu
1275 368 1594 422 disposiciones
1617 367 1801 409 sciencie

305 445 540 480 astrorum.
1614 442 1620 445 ”

17 527 271 588 κνικιῐηῗιῃῗξτ-
366 507 563 562 Quando
598 521 705 563 ergo
736 508 926 555 volueris
960 509 1042 550 iter
1073 509 1276 563 arripere,
1308 508 1466 551 ordina
1489 507 1800 549 ascendentem

15 572 141 596 neysar
170 570 197 588 in
246 569 261 586 e

17 597 173 624 ascendam
188 595 277 622 ostiae
308 579 363 620 ad
389 579 470 620 iter
492 585 536 620 et
558 578 783 620 civitatem
807 585 852 620 et
873 578 1021 621 locum
1044 579 1087 619 in
1106 593 1238 633 quem
1258 580 1416 629 tendis,
1434 585 1479 621 et
1501 578 1722 619 decimum
1745 576 1800 618 ad

17 633 98 665 place
112 640 168 664 you
183 639 231 656 are

18 666 107 700 going
118 672 156 691 to.
308 662 420 704 opus
442 649 563 702 quod
585 649 794 700 intendis,
817 655 861 690 et
891 649 1040 691 insiste
1069 650 1184 691 circa
1209 650 1303 691 hoc.
1369 649 1430 690 Et
1460 663 1568 690 cave
1597 661 1652 688 ne
1676 647 1804 688 Luna

17 740 100 766 Take
113 748 177 766 care
192 738 239 764 the
309 720 365 760 sit
388 720 592 773 pessima,
617 719 661 760 id
685 726 763 771 est,
786 719 1001 775 eclipsata
1022 720 1090 761 vel
1116 720 1325 761 malivola
1346 734 1422 761 seu
1456 720 1648 768 turbata,
1671 724 1716 759 et
1747 730 1804 757 ne

21 775 109 800 Moon
123 773 146 800 is
160 774 270 800 favour-

17 808 83 836 able
311 790 367 831 sit
397 790 564 832 directe
596 790 679 832 sub
713 790 846 832 radiis
874 790 1005 841 Solis,
1035 797 1113 831 aut
1146 790 1189 831 in
1219 797 1351 832 sexto
1372 790 1441 832 vel
1473 790 1515 831 in
1539 787 1804 831 duodecimo
1826 806 1865 831 m

309 861 462 914 gradu,
484 867 561 902 aut
587 861 858 915 retrograda.
924 860 971 903 Si
994 875 1100 916 ergo
1126 861 1207 903 erit
1222 861 1414 902 victoria
1446 861 1488 901 in
1510 855 1803 901 ascendentel

311 944 388 972 seu
441 932 728 985 prosperitas,
779 931 1104 973 demonstrabit
1161 932 1328 973 bonum
1382 937 1427 972 et
1481 942 1746 985 prosperum
1799 926 1802 981 ξ
1831 933 1858 953 ‘⁷

180 1008 240 1039 118
259 1003 289 1038 b.
311 1007 532 1051 eventurn,
562 1008 607 1043 et
639 1009 758 1050 tunc,
788 1002 986 1044 maxime
1014 1001 1048 1042 si
1083 1001 1328 1042 Mercurius
1361 1008 1427 1042 est
1458 1001 1502 1041 in
1532 999 1680 1041 medio
1711 997 1806 1048 celi,

20 1079 271 1142 ffiffifflffississsm
311 1071 640 1113 demonstrabit
686 1072 1067 1125 complementum
1110 1072 1256 1125 operis
1299 1077 1343 1112 et
1385 1070 1720 1125 perfeccionem‚
1762 1074 1806 1108 et

313 1142 495 1196 quando
527 1142 610 1182 erit
644 1142 687 1182 in
715 1142 908 1196 septima
940 1142 1077 1183 domo
1109 1142 1431 1183 demonstrabit
1464 1138 1805 1195 possibilitatem
1829 1149 1866 1181 15

313 1213 458 1266 operis
496 1219 541 1254 et
578 1212 771 1254 leticiam
807 1220 850 1254 et
887 1212 1229 1267 prosperitatem
1266 1218 1310 1254 et
1346 1211 1669 1266 perfeccionem
1706 1221 1805 1263 pro-

314 1283 459 1337 positi,
492 1289 537 1323 et
568 1283 603 1323 si
634 1282 763 1324 fuerit
796 1283 905 1324 infra
934 1290 1111 1332 terram,
1137 1282 1404 1337 significabit
1428 1280 1806 1335 complementum

314 1352 486 1407 negocii
520 1358 564 1394 et
595 1351 938 1408 (proprietatem
977 1354 1071 1406 seu)
1110 1354 1453 1408 prosperitatem
1486 1357 1680 1393 eventus.
1745 1348 1807 1389 Et

24 1439 285 1505 ‘errerffluffist
315 1437 422 1464 cave
444 1437 500 1465 ne
527 1421 657 1465 fuerit
679 1423 808 1465 Luna
831 1424 873 1464 in
896 1424 1092 1477 ingressu
1116 1424 1294 1477 itineris,
1317 1424 1360 1464 in
1383 1424 1654 1477 quadratura
1677 1419 1808 1467 Solis,

26 1484 32 1499 ι
223 1490 228 1497 ,
262 1485 272 1490 -

26 1514 297 1569 {ffirtzotffigvgffim-
318 1499 394 1534 aut
436 1493 479 1534 in
532 1493 627 1547 ejus
680 1495 905 1548 opposito.
990 1494 1037 1536 Si
1083 1509 1189 1548 ergo
1235 1494 1433 1535 invenias
1475 1493 1690 1534 orientem
1732 1503 1807 1531 seu
1830 1503 1870 1524 20

318 1564 631 1606 ascendentem
675 1565 718 1605 in
765 1564 859 1618 ejus
905 1565 1126 1620 opposito,
1168 1565 1238 1607 vel
1281 1566 1325 1606 in
1368 1565 1639 1618 quadratura
1678 1559 1808 1612 Solis,

29 1657 62 1682 1n
78 1664 143 1686 war,
157 1655 194 1680 ιε(
210 1654 258 1680 me
318 1641 535 1676 revertere
569 1634 778 1676 velociter
814 1635 962 1677 illesus
1003 1643 1048 1677 et
1082 1635 1334 1690 perficietur
1370 1648 1495 1689 opuS.
1572 1632 1632 1674 Et
1665 1631 1700 1672 si
1743 1630 1809 1671 vis

30 1690 119 1716 Moon
137 1689 171 1715 be
186 1689 214 1715 in
229 1688 298 1714 mid-

29 1724 210 1750 heavenand
319 1704 502 1759 aggredi
544 1704 724 1757 bellum,
765 1706 921 1747 ordina
963 1708 1146 1748 domum
1196 1705 1325 1747 Lune
1372 1705 1568 1746 medium
1610 1701 1726 1754 celi,2
1765 1707 1810 1742 et

31 1760 61 1784 M
67 1768 167 1791 ercury
182 1758 291 1784 favour-

23 1793 100 1819 able.
323 1774 591 1816 Mercurium
641 1776 950 1831 respicientem
994 1777 1136 1831 ipsam
1185 1775 1393 1817 benivolo
1435 1774 1560 1816 vultu
1577 1774 1606 1825 ²²,
1649 1779 1693 1814 et
1743 1771 1810 1813 fac

322 1845 590 1887 Mercurium
628 1845 670 1886 in
698 1853 859 1900 quarto
890 1848 1047 1900 gradu,
1076 1860 1230 1901 repera
1264 1847 1438 1887 Lunam
1470 1845 1677 1892 maxime,
1707 1842 1811 1897 quia
1832 1854 1870 1886 25

323 1916 364 1955 in
389 1916 616 1957 itineribus
641 1917 851 1958 faciendis
875 1918 1086 1958 universis
1109 1917 1251 1971 majus
1273 1925 1340 1958 est
1363 1917 1553 1970 signum.

319 2054 560 2105 principalis.
620 2057 672 2094 Et
693 2055 850 2106 signum
872 2055 1016 2095 dicitur
1036 2057 1193 2102 domus,
1212 2054 1306 2106 quia
1326 2054 1381 2093 ibi
1401 2053 1632 2093 dominatur
1651 2053 1811 2102 planeta

320 2117 359 2148 et
391 2110 513 2148 habet
547 2109 759 2149 maximam
786 2110 971 2150 virtutem
1000 2110 1039 2149 in
1068 2124 1117 2149 eo
1141 2118 1186 2154 et,
1204 2109 1490 2157 fortitudinem,
1522 2116 1581 2147 set
1602 2115 1640 2146 et
1665 2107 1811 2146 domus

321 2163 423 2204 Solis
445 2172 503 2203 est
526 2166 610 2204 Leo
631 2173 669 2204 et
692 2167 805 2204 Lune
827 2165 995 2205 Cancer.
1055 2167 1122 2205 Set
1147 2173 1185 2205 et
1217 2166 1291 2204 hec
1322 2163 1483 2203 uberius
1511 2161 1689 2214 exposita
1720 2169 1811 2200 sunt

322 2220 361 2256 in
383 2218 592 2270 principio.

379 2276 386 2294 ¹
420 2273 461 2312 in
483 2274 590 2313 bona
611 2274 882 2325 disposicione
903 2275 1052 2315 celesti.
1833 2265 1875 2296 30

381 2329 393 2349 ²
423 2328 463 2367 id
485 2337 556 2377 est,
579 2329 778 2369 decimam
801 2331 982 2369 domum.

379 2386 392 2405 ³
422 2383 463 2422 id
484 2391 555 2431 est,
577 2392 755 2434 aspectu.

371 2514 414 2543 26
438 2513 514 2544 End
532 2513 569 2545 of
582 2513 678 2544 Book
695 2513 757 2545 IX.
781 2514 816 2546 V.

371 2638 388 2666 7
411 2631 488 2668 post
505 2628 673 2658 decimum
693 2627 757 2668 lege
773 2627 815 2658 ad
834 2628 899 2659 iter
915 2632 948 2659 et
966 2627 1149 2666 septimum
1167 2626 1304 2656 domum
1321 2625 1364 2655 ad

370 2672 391 2701 8
410 2676 489 2713 post
506 2672 658 2703 intendis
675 2672 740 2712 Iege
756 2676 790 2703 et
806 2672 952 2711 angulus
970 2676 1059 2702 terre
1075 2671 1118 2701 ad
1136 2674 1297 2701 eventum
1314 2680 1322 2700 :
1346 2668 1469 2700 insiste

376 2726 426 2747 11.
453 2715 518 2757 lege
533 2716 654 2757 gradu,
674 2727 716 2747 ne
733 2717 777 2747 sit
796 2715 986 2748 Mercurius
1003 2715 1066 2747 sub
1084 2714 1187 2746 radiis
1207 2713 1298 2745 Solis
1314 2718 1372 2744 aut
1391 2712 1591 2752 retrograda
