1908 3126
1036 53 1089 95 18

366 194 430 231 De
450 193 608 231 secundo
628 193 737 230 modo
757 191 1003 230 alteracz‘om's
1021 191 1163 229 mundi
1170 198 1248 242 per
1264 196 1435 241 aspectus
1442 191 1710 240 planetarum.

421 275 564 315 Onitas
598 282 638 315 et
672 274 830 313 malicia
868 275 1118 325 planetarum
1152 273 1236 313 sive
1267 272 1478 324 qualitates
1512 271 1620 312 dicte
1657 285 1808 320 earum,

420 348 732 394 augmentantur
759 342 824 380 veI
862 340 1121 380 remittuntur
1158 341 1222 380 vel
1259 327 1541 390 temperantur]
1565 351 1809 390 percorum

310 418 521 461 aspectum
541 408 604 447 vel
624 414 811 458 aspectus
830 405 1070 455 adinvicem,
1085 405 1237 445 scilicet
1251 419 1322 457 per
1337 404 1674 456 conjunccionem
1695 417 1810 444 suam

313 479 353 516 in
387 477 528 516 eadem
559 482 671 525 parte
705 473 871 522 zodiaci,
912 474 991 513 hoc
1023 480 1083 513 est
1121 472 1163 511 in
1192 473 1339 512 eodem
1375 471 1501 523 signo,
1531 470 1641 511 sicut'
1663 469 1811 511 accidit
1829 479 1849 514 5

313 545 366 583 de
399 543 492 583 Sole
522 549 561 580 et
595 542 713 579 Luna
743 539 785 579 in
817 539 1053 580 novilunio:
1089 547 1129 579 et
1166 552 1238 591 per
1264 537 1497 590 oppositum
1531 537 1575 576 in
1603 536 1811 577 contrariis

315 2171 493 2223 partibus
514 2173 680 2223 quando
700 2172 851 2212 distant
871 2187 942 2225 per
962 2174 1142 2213 medium
1164 2173 1296 2213 celum
1325 2175 1428 2213 sicut
1446 2173 1594 2214 accidit
1614 2173 1655 2213 in
1684 2171 1806 2225 pleni‘

315 2237 427 2276 lunio
448 2238 500 2277 de
520 2239 637 2277 Luna
658 2246 698 2278 et
718 2240 822 2279 Sole.
899 2241 952 2279 Et
973 2240 1139 2290 quando
1160 2240 1309 2279 distant
1330 2253 1401 2290 per
1423 2240 1508 2279 duo
1526 2239 1639 2291 signa
1657 2238 1811 2280 abinvi-

317 2313 418 2348 cem,
451 2313 616 2340 vocatur
647 2303 796 2342 sextilis
827 2310 1025 2354 aspectus,
1058 2302 1153 2354 quia
1184 2315 1254 2354 per
1284 2310 1436 2342 sextam
1468 2309 1623 2354 partem
1653 2302 1808 2344 zodiaci
1902 2352 1903 2357 ¹

316 2367 476 2416 distant,
518 2369 613 2418 quia
650 2369 733 2408 duo
773 2376 866 2408 sunt
905 2377 1014 2408 sexta
1052 2382 1142 2420 pars
1182 2369 1234 2408 de
1261 2367 1492 2408 duodecim.
1551 2369 1604 2409 Et
1642 2369 1808 2422 quando
1831 2410 1833 2412 ,
1901 2374 1904 2409 i

316 2433 465 2472 distant
486 2447 556 2484 per
585 2435 657 2473 tria
687 2436 799 2486 signa
829 2442 994 2474 vocatur
1023 2442 1188 2486 quartus
1216 2442 1415 2486 aspectus,
1437 2434 1532 2486 quia
1560 2434 1712 2477 distant
1736 2449 1808 2490 per

227 2514 249 2546 9
266 2503 298 2536 b.
315 2506 496 2548 quartam
527 2508 679 2551 partem
709 2500 874 2540 zodiaci.
934 2502 987 2540 Et
1007 2502 1174 2552 quando
1198 2499 1349 2541 distant
1375 2513 1446 2552 per
1465 2508 1637 2553 quatuor
1662 2501 1668 2556 Ι
1694 2501 1808 2556 signa
1831 2505 1836 2514 '

316 2572 480 2602 vocatur
509 2566 635 2604 trinus
664 2573 863 2617 aspectus,
886 2566 982 2618 quia
1010 2565 1160 2606 distant
1176 2579 1246 2619 per
1265 2565 1429 2606 terciam
1458 2575 1612 2619 partem
1639 2566 1806 2608 zodiaci.
1823 2568 1834 2626 „⁴

316 2630 496 2669 Alterant
527 2629 644 2682 igitur
663 2631 816 2684 seipsos
845 2646 916 2684 per
934 2640 1077 2672 mutuo
1097 2641 1136 2672 et
1156 2640 1381 2684 temperant
1410 2646 1481 2684 per
1508 2632 1605 2674 istos
1625 2634 1806 2686 quinque

312 2702 513 2746 aspectus.
