1908 3126
795 77 847 119 97

141 173 187 215 Si
217 189 323 229 ergo
346 176 545 218 vincatur
571 192 596 218 a
626 177 786 227 calore,
811 183 1003 232 pectinet
1030 199 1076 226 se
1099 193 1142 227 et
1167 192 1315 227 utatur
1339 196 1560 242 unguento
1579 194 1840 262 fflssccgsslss‘sssset‘ioe

81 244 313 297 purificato
346 247 622 288 convenienti
654 251 855 303 tempori.
921 252 1037 306 Quia
1071 256 1111 296 in
1138 269 1235 297 vere
1268 263 1310 297 et
1346 258 1386 297 in
1418 264 1559 303 estate
1577 263 1653 289 heat-

80 314 213 356 debet
236 317 295 356 uti
321 324 546 369 unguento
569 319 786 360 scesarino
808 320 1009 364 confecto
1033 325 1088 365 de
1111 325 1261 366 sandei
1286 333 1329 366 et
1356 326 1501 382 emleg
1518 344 1526 368 :
1545 328 1557 351 ¹

80 382 122 424 in
165 392 408 439 autumpno
446 394 489 428 et
532 387 692 440 hyeme
730 389 864 432 debet
902 394 964 433 uti
1005 401 1231 447 unguento
1270 396 1469 438 confecto
1508 399 1561 439 de

39 467 57 500 5
80 455 209 495 mirra
246 463 288 495 et
331 456 386 496 de
427 470 557 498 succo
594 458 727 499 herbe
764 474 850 513 que
889 463 1049 504 dicitur
1087 464 1242 515 bletes,
1283 472 1324 506 et
1364 467 1560 520 proicere

78 539 209 578 super
226 527 370 578 capud
392 526 640 568 artificiales
664 543 799 582 aquas
822 538 866 572 et
890 539 1171 588 temperatas
1228 536 1401 577 Deinde
1425 539 1559 579 debet

27 605 30 607 ’
78 593 254 636 abluere
283 602 327 637 et
354 595 505 637 fricare
527 597 627 639 inde
656 612 815 652 corpus
838 602 976 644 donec
1006 603 1133 645 fuerit
1159 605 1259 646 inde
1283 605 1421 647 lotum
1448 607 1558 648 bene

77 671 120 705 et
156 665 381 706 mundum.
446 667 621 708 Deinde
656 677 794 723 ungat
828 685 985 725 corpus
1020 675 1286 727 quibusdam
1324 678 1556 731 unguentis

76 735 455 787 que'conveniunt
488 739 764 791 temporibus
797 741 897 781 suis.
964 743 1139 784 Deinde
1171 745 1391 799 gradatim
1426 754 1556 788 exeat

16 813 56 837 10
75 803 187 844 sicut
219 805 451 846 docuimus
479 806 521 846 in
550 809 900 861 precedentibus.
966 812 1141 854 Deinde
1174 821 1316 868 tergat
1343 830 1388 856 se
1415 816 1565 857 donec‘

74 873 315 917 allevietur.
770 932 772 934 q

134 941 181 984 Si
206 943 355 996 itaque
378 945 537 995 scitiat‚
553 946 679 987 bibat
696 947 893 1002 sirupum
920 963 1144 992 rosaceum
1161 950 1247 1007 (vel
1269 951 1496 1009 rosarum),
1512 961 1554 995 et
1573 969 1661 1008 ,What
1676 975 1706 996 to
1719 970 1802 997 drink-

74 1019 217 1054 sumat
233 1014 288 1054 de
302 1013 538 1056 electuario
553 1030 651 1057 cum
667 1025 877 1060 muscato.
904 1010 1076 1061 Deinde
1092 1023 1247 1064 tendat
1260 1023 1438 1065 brachia
1452 1023 1550 1078 sual
1572 1013 1599 1030 ιη
1614 1004 1662 1030 the
1677 1004 1754 1035 Μὴ

73 1081 411 1136 aliquantulum,
435 1085 592 1126 deinde
621 1094 723 1140 post
756 1089 977 1130 modicam
1006 1090 1161 1131 horam
1184 1098 1330 1134 sumat
1362 1107 1550 1147 paucum
1576 1103 1616 1142 76
1632 1103 1664 1134 b.

16 1161 53 1194 Ι5
74 1152 222 1193 cibum
246 1153 357 1195 bene
380 1162 583 1209 paratum
607 1170 707 1196 cum
731 1157 1062 1211 tranquillitate.
1128 1161 1187 1202 Et
1209 1161 1332 1203 bibat
1355 1164 1410 1204 de
1433 1163 1551 1205 bono
1572 1146 1766 1220 ῗζῖξῗρὶῑηιε

72 1222 175 1263 vino
197 1229 444 1278 temperato
475 1239 575 1266 cum
605 1231 729 1267 tanto
752 1228 807 1268 de
829 1242 944 1282 aqua
966 1236 1009 1271 et
1039 1232 1282 1272 secundum
1306 1233 1424 1286 quod
1448 1247 1548 1274 con·
1571 1223 1712 1249 ’ήκω
1726 1228 1821 1251 wa‘er'

73 1292 215 1334 suevit
238 1292 397 1341 bibere,
420 1301 464 1334 et
486 1308 573 1335 non
595 1303 741 1336 sumat
764 1297 953 1338 multum
976 1305 1042 1339 set
1071 1301 1309 1343 moderate.
1376 1303 1551 1344 Deinde
1570 1319 1819 1348 smellalituein-

72 1361 393 1417 subfumigabit
410 1377 456 1404 se
474 1364 662 1406 incensis
679 1368 1040 1409 convenientibus
1059 1369 1119 1409 illi
1143 1371 1334 1423 tempori
1353 1386 1361 1422 3
1392 1372 1551 1414 deinde
1568 1365 1660 1388 eme*

73 1432 318 1485 requiescat
350 1433 392 1474 in
425 1434 533 1475 locis
565 1435 780 1486 delicatis,
802 1443 845 1478 et
877 1438 1067 1492 accipiat
1094 1440 1149 1480 de
1177 1454 1364 1495 sompno
1387 1442 1549 1484 bonam
1570 1461 1656 1493 sleep,

30 1515 53 1538 ο
72 1509 255 1554 partem,
280 1490 331 1544 'et
374 1503 456 1545 hoc
498 1504 686 1546 multum
725 1507 848 1560 juvat
869 1521 877 1556 ;
920 1508 1079 1549 deinde
1123 1509 1256 1550 debet
1297 1511 1552 1553 continuare
1572 1525 1792 1560 andspendthe

73 1572 294 1613 residuum
328 1573 415 1614 diei
444 1587 552 1615 cum·
576 1577 738 1628 gaudio
767 1584 809 1618 et
839 1577 999 1631 quiete.
1068 1579 1156 1619 Iste
1189 1580 1408 1633 siquidem
1443 1583 1553 1623 ordo
1572 1561 1780 1630 ffissssggda

69 1642 269 1683 sanitatis
293 1650 335 1684 et
358 1645 613 1686 nutricionis
638 1653 704 1688 est
727 1648 942 1701 corporis..

128 1711 216 1765 Qui
231 1727 334 1754 vero
348 1720 414 1754 est
429 1728 567 1755 senex
583 1715 650 1756 vel
666 1724 898 1770 superatur
912 1732 937 1758 a
953 1718 1194 1772 frigiditate
1210 1726 1253 1761 et
1271 1720 1551 1771 humiditate,
1572 1741 1629 1767 oid
1642 1740 1742 1774 people

68 1789 220 1822 caveat
245 1783 404 1823 morari
426 1783 469 1824 in
492 1783 657 1826 balneis
682 1786 886 1828 multum.
953 1788 1099 1828 Debet
1127 1780 1347 1842 siquidem
1372 1797 1488 1832 stare
1510 1791 1551 1832 in
1570 1775 1812 1842 ἶέἓῗὲῖἓῗῖιῗιῗὲ

29 1862 47 1896 5
68 1850 225 1892 balneo
262 1858 449 1904 tantum,
483 1855 624 1896 donec
655 1869 817 1910 corpus
850 1871 979 1908 suum
1014 1858 1070 1898 de
1104 1857 1368 1900 humiditate
1407 1861 1550 1902 balnei
1570 1843 1648 1869 bad*

68 1920 289 1972 madefiat,
310 1937 472 1976 aquam
495 1931 788 1979 temperatam
812 1927 1001 1980 proiciat
1029 1941 1159 1981 super
1180 1942 1227 1969 se
1250 1929 1437 1970 multum
1461 1931 1550 1971 cito

68 1993 245 2044 quando
263 1991 346 2044 (vel
371 1996 601 2048 quantum)
620 1995 820 2037 voluerit.
867 1996 1062 2051 Oportet
1085 2003 1233 2038 autem
1249 1997 1548 2041 fleumaticum
1571 2012 1639 2037 Men
1653 2011 1793 2045 ofphles

1568 2045 1654 2072 matie
1667 2051 1768 2072 nature

68 2073 153 2100 non
191 2061 352 2102 intrare
388 2062 595 2104 balneum
634 2066 729 2107 nisi‘
749 2065 905 2119 jejuno
942 2066 1187 2117 stomacho,
1221 2074 1266 2108 et
1305 2081 1468 2122 ungere
1504 2083 1550 2110 se
1568 2079 1818 2147 ἓιιιῖοὲιῐιέριίζιιιεοη

67 2132 302 2183 unguentis
335 2132 499 2174 calidis.
563 2134 652 2188 Qui
685 2149 789 2177 vero
825 2135 987 2178 fuerint
1015 2136 1155 2177 calide
1182 2144 1348 2180 nature.
1371 2145 1550 2181 teneant
1568 2147 1706 2175 stomach·

25 2215 47 2237 o
67 2200 376 2253 precedentem
403 2202 663 2246 doctrinam.
1582 2215 1584 2217 ’

119 2370 131 2390 ¹
162 2369 325 2408 nomina
340 2370 499 2409 arabica
514 2385 593 2422 que
611 2375 815 2424 querenda
831 2382 922 2412 sunt
939 2388 960 2412 a
978 2375 1143 2414 medicis
1165 2383 1203 2414 et
1216 2375 1267 2414 ab
1287 2376 1550 2426 apothecariis

65 2432 105 2464 et
125 2423 181 2463 sic
201 2425 252 2463 de
265 2423 350 2463 aliis
365 2426 569 2465 vocabulis
590 2436 683 2467 ante
699 2436 737 2467 et
758 2436 872 2476 retro,
889 2437 927 2468 et
941 2429 1060 2468 etiam
1083 2429 1122 2468 in
1138 2429 1223 2468 aliis
1244 2431 1548 2482 exemplaribus,

64 2479 96 2518 si
117 2480 280 2518 fortasse
302 2478 350 2517 sit
370 2480 586 2520 dubitacio.

113 2641 151 2685 19
174 2645 276 2687 locis]
296 2645 395 2677 lectis
416 2647 451 2677 h<

134 2775 194 2796 1590
791 2765 825 2796 11
