1908 3126
43 619 175 653 Keeping
188 619 220 645 of

40 653 138 680 health
152 653 174 680 is
188 662 264 679 more

41 688 171 721 precious
185 687 252 713 than

41 722 189 749 medicine.

222 826 262 856 53
281 826 308 847 a·

43 1033 152 1061 Health
165 1042 261 1060 comes

40 1069 112 1095 from
125 1067 255 1101 equality

41 1103 72 1130 of
83 1102 277 1136 complexions

41 1147 71 1164 or
87 1142 299 1169 attemperance

42 1172 73 1198 os
83 1172 131 1198 the
145 1170 290 1197 humours.

42 1383 106 1410 God
121 1381 250 1408 revealed

42 1418 90 1445 the
105 1416 220 1442 method
235 1416 265 1441 of

43 1450 192 1484 obtaining
207 1450 262 1476 this

41 1609 70 1630 to
85 1604 132 1630 the
147 1603 244 1633 saints,

43 1862 115 1888 from
128 1862 220 1888 whom

42 1896 155 1923 ancient
170 1896 290 1929 philoso-

42 1931 125 1964 phers
139 1931 229 1957 learnt
245 1930 273 1962 it,

43 2355 90 2415 illile
105 2354 214 2381 Greeks
224 2354 313 2380 above

42 2398 58 2414 a
84 2409 90 2416 .

224 2494 263 2525 53
281 2486 314 2516 b·

398 322 588 389 Incipit
630 329 761 387 pars
807 320 1034 372 secunda
1085 321 1244 387 lezts'zts
1292 321 1409 372 libri
1461 320 1522 371 de
1553 321 1822 388 regimim

328 408 576 458 sanitatis
601 407 747 473 cnjus
772 406 1056 474 capitulum
1072 408 1310 474 primum
1338 405 1498 461 estsscle
1517 410 1633 456 ortu
1660 402 1822 456 'tocius

327 492 595 559 sapiencie.
1653 493 1659 495 “

499 593 597 636 Une
634 608 737 636 vero
776 595 895 649 prius
928 594 1010 635 tibi
1047 595 1224 636 tradere
1261 594 1363 635 volo
1401 593 1648 635 doctrinam
1682 592 1819 634 medi-

342 595 683 738 Ncinalem
727 672 770 706 et
814 665 1007 719 quedam
1049 671 1217 706 secreta
1260 678 1345 718 que
1388 663 1468 705 tibi
1511 663 1730 705 sufficiunt
1776 663 1856 706 ins

495 735 835 776 conservacione
894 735 1108 783 sanitatis,
1163 741 1209 775 ut
1268 748 1357 776 non
1416 735 1615 788 indigeas
1666 733 1816 788 aliquo

333 804 519 854 medico,
541 804 646 858 quia
674 804 955 846 conservacio
985 805 1185 845 sanitatis
1212 811 1256 845 et
1288 804 1442 846 salutis
1471 803 1625 844 melior
1648 809 1714 844 est
1741 801 1746 858 1
1776 809 1820 845 et

331 874 569 928 preciosior
602 875 722 916 omni
757 875 988 923 medicina,
1012 881 1054 916 et
1085 873 1214 916 valde
1243 875 1323 916 tibi
1353 875 1456 915 sunt
1486 874 1730 916 necessaria
1761 874 1819 915 ad

332 944 530 998 regimen
555 944 687 998 hujus
712 945 879 986 mundi.
1254 936 1258 938 i
1860 985 1869 992 ,

392 1013 632 1055 Sciendum
666 1022 732 1056 est
762 1015 914 1068 itaque
943 1015 1062 1068 quod
1096 1027 1183 1055 non
1217 1020 1282 1055 est
1316 1015 1386 1054 via
1420 1014 1475 1055 acl
1509 1009 1703 1067 aliquam
1731 1027 1822 1055 rem
1843 1028 1882 1053 10

332 1083 578 1125 faciendam
614 1084 684 1125 vel
717 1083 908 1139 aliquam
944 1098 1122 1125 causam
1157 1083 1475 1137 adquirendam
1514 1083 1595 1125 nisi
1632 1097 1709 1138 per
1744 1097 1823 1138 po-

333 1154 525 1196 tenciam
571 1154 675 1196 clari
727 1154 986 1202 intellectus,
1033 1161 1075 1194 et
1129 1166 1215 1196 non
1258 1161 1323 1195 est
1366 1153 1576 1209 potencia
1625 1154 1706 1195 nisi
1746 1168 1823 1209 per

335 1224 586 1273 sanitatem,
626 1232 669 1265 et
706 1238 794 1267 non
830 1231 896 1265 est
933 1225 1099 1266 sanitas
1137 1224 1218 1265 nisi
1256 1238 1332 1278 per
1370 1224 1660 1278 equalitatem
1702 1237 1821 1266 com-

336 1293 606 1348 plexionum,
652 1300 694 1334 et
745 1308 832 1336 non
882 1302 948 1336 est
1001 1293 1217 1348 equalitas
1258 1293 1581 1348 complexionis
1623 1294 1703 1335 nisi
1745 1308 1822 1349 per

333 1365 679 1418 temperanciam
718 1365 968 1405 humorum.
1033 1364 1093 1405 Et
1131 1364 1251 1405 Deus
1292 1363 1492 1405 excelsus
1529 1370 1572 1405 et
1605 1363 1822 1418 gloriosus
1843 1381 1882 1419 15

333 1433 554 1475 ordinavit
579 1434 761 1475 modum
785 1440 828 1475 et
852 1434 1098 1476 remedium
1122 1435 1178 1475 ad
1207 1434 1554 1488 temperanciam
1584 1434 1819 1477 humorum

332 1510 374 1544 et
405 1504 761 1546 conservanciam
795 1504 996 1546 sanitatis
1029 1511 1072 1545 et
1104 1504 1159 1546 ad
1194 1503 1380 1559 plurima
1411 1504 1497 1546 alia
1531 1505 1821 1559 adquirenda,
1871 1529 1874 1532 -

333 1581 375 1615 et
429 1573 637 1616 revelavit
689 1589 739 1615 ea
791 1575 952 1616 sanctis
1006 1574 1234 1629 prophetis
1281 1575 1416 1616 servis
1464 1575 1552 1615 suis
1599 1581 1642 1616 et
1691 1573 1821 1628 justis
1881 1578 1889 1605 '·

333 1643 563 1697 prophetis
596 1643 697 1695 suis,
729 1650 772 1685 et
810 1644 1076 1698 quibusdam
1110 1643 1204 1685 aliis
1237 1657 1349 1698 quos
1382 1644 1591 1698 preelegit
1626 1651 1670 1685 et
1702 1644 1818 1686 illus·
1878 1684 1882 1686 .

332 1713 463 1754 travit
481 1713 636 1767 spiritu
661 1713 807 1754 divine
825 1714 1057 1767 sapiencie,
1075 1720 1118 1755 et
1136 1714 1308 1756 dotavit
1327 1728 1402 1756 eos
1417 1714 1600 1756 dotibus
1622 1715 1816 1757 sciencie.
1842 1725 1894 1761 26,

332 1782 409 1824 Ab
434 1783 526 1824 istis
554 1790 788 1836 sequentes
810 1784 890 1825 viri
923 1783 1176 1838 philosophi
1204 1782 1488 1839 philosophie
1521 1785 1816 1839 principatum

332 1859 376 1893 et
408 1853 624 1907 originem
657 1853 934 1895 habuerunt:
977 1853 1074 1895 Indi
1103 1859 1146 1894 et
1180 1853 1331 1894 Perses
1360 1860 1402 1894 et
1433 1852 1561 1896 Greci
1591 1860 1634 1895 et
1669 1854 1818 1896 Latini
1882 1906 1889 1909 ‚

333 1923 389 1964 ab
425 1923 520 1963 istis
559 1923 812 1975 hauserunt,
847 1914 890 1965 et
929 1923 1197 1977 scripserunt
1240 1923 1399 1964 artium
1444 1931 1487 1965 et
1532 1924 1822 1967 scienciarum

333 1993 548 2046 principia
571 1999 614 2034 et
637 2000 817 2044 secreta,
839 1994 943 2048 quia
971 1994 1012 2035 in
1038 1993 1263 2048 scripturis
1287 1991 1468 2034 eorum¹
1492 1993 1625 2035 nichil
1649 1993 1819 2043 falsum,

332 2062 465 2104 nichil
496 2062 731 2117 reprobum
771 2063 1099 2113 invenitur,-set
1137 2077 1161 2104 a
1197 2062 1472 2117 sapientibus
1506 2063 1816 2119 approbatum.
1840 2079 1878 2115 ²5

335 2132 423 2186 Qui
466 2133 581 2174 enim
620 2134 702 2174 sibi
741 2134 823 2188 ipsi
865 2147 996 2175 causa
1044 2133 1305 2191 perdicionis
1358 2140 1436 2186 est,
1465 2123 1617 2175 ‘multo
1659 2133 1818 2177 sorcius

333 2203 428 2243 aliis
452 2216 629 2243 causam
653 2199 917 2257 perdicio'nis
939 2203 1168 2257 prestabit,
1191 2203 1296 2257 quia
1324 2202 1429 2244 illud
1462 2203 1665 2257 eligimus
1695 2205 1817 2258 quod

332 2285 549 2323 amamus,
570 2278 613 2313 et
645 2272 754 2314 illud
785 2273 1006 2328 querimus
1032 2273 1152 2327 quod
1180 2273 1459 2314 intendimus.
1522 2272 1645 2315 Scire
1670 2280 1819 2316 tamen

334 2341 468 2382 debes
497 2343 616 2396 quod
642 2342 764 2384 Deus
790 2343 993 2385 excelsus
1014 2343 1126 2384 inter
1148 2349 1316 2384 ceteros
1342 2342 1631 2397 philosophos
1655 2342 1820 2386 Grecos

336 2411 476 2465 magis
520 2411 809 2454 inflammavit
851 2414 907 2455 ad
955 2412 1163 2455 sciencias
1213 2413 1494 2466 inquirendas
1541 2419 1599 2461 et⁴
1628 2427 1768 2455 rerum
1810 2412 1880 2470 130

334 2480 603 2522 naturalium
629 2495 790 2535 genera
817 2483 1136 2537 cognoscenda.
1201 2482 1270 2524 De
1295 2482 1378 2524 hoc
1404 2483 1484 2525 tibi
1507 2482 1615 2525 alias
1636 2482 1817 2526 fecimus

388 2605 400 2626 ¹
430 2606 503 2652 vel,
527 2605 717 2656 ipsorum.

378 2737 397 2765 4
421 2727 577 2767 Chapter
592 2728 699 2760 xxxii.
721 2703 760 2760 5⁷.
