1908 3126
1043 37 1125 91 158

334 155 551 206 seriorem,
565 155 699 209 juxta
719 154 1063 208 possibilitatem
1083 152 1363 194 informantis
1380 159 1425 195 et
1442 153 1739 208 imprimentis
1752 167 1827 194 eas

335 225 429 278 (seu
456 223 799 280 componentis).
849 223 1055 277 Recipiet
1080 236 1187 276 ergo
1211 222 1406 276 quelibet
1433 237 1500 264 res
1528 223 1583 264 de
1605 222 1827 277 originali·
1886 247 1899 261 1

333 295 414 336 bus
435 301 479 337 et
496 294 819 350 vegetabilibus
837 298 881 334 et
903 291 1168 334 animalibus
1190 293 1247 333 ab
1271 291 1356 333 illis
1378 293 1621 334 secundum
1640 293 1760 347 quod
1785 293 1827 333 in
1889 320 1894 325 ι

334 372 491 407 natura
513 378 593 406 sua
615 370 772 419 potens
794 369 861 405 est
884 363 1088 417 recipere.

395 435 454 476 Et
487 435 600 476 scias
636 434 756 487 quod
793 433 995 486 recepcio
1027 431 1261 485 cujuslibet
1292 431 1656 485 supracelestium
1681 431 1827 473 inillis

208 513 313 554 119b.
335 505 485 546 formis
534 503 725 545 accidit1
758 502 892 556 juxta
922 501 926 556 Ι
954 515 1078 542 suam
1115 501 1454 555 possibilitatem
1493 502 1536 542 in
1575 502 1826 556 recipiendo

333 575 489 629 ipsam,
537 582 580 616 et
624 573 826 614 similiter
863 571 1072 626 quicquid
1115 571 1331 612 formatur
1367 572 1409 612 in
1449 572 1725 614 inferioribus
1767 586 1826 614 ex

332 644 690 698 impressionibus
706 643 981 698 superiorum
1000 641 1085 693 (vel
1099 642 1399 696 superioribus
1415 641 1600 700 formis).
1645 642 1827 684 Forcius

333 715 468 769 igitur
514 714 702 769 ydolum
749 714 1182 754 incantamentorum
1226 719 1270 753 et
1312 712 1555 754 durabilius
1600 713 1827 767 judicatur

331 786 455 839 quod
512 785 751 825 insidiatur
803 797 828 824 a
881 782 1133 837 Queynuan
1186 795 1290 822 sene
1345 788 1389 822 et
1439 797 1464 823 a
1513 788 1640 836 patre
1692 797 1825 834 sene;

331 855 493 896 deinde
516 869 618 895 cum
642 854 716 895 illo
734 855 809 908 qui
833 853 1011 894 inclinat
1030 865 1076 892 se
1099 853 1154 892 ad
1174 852 1442 906 sapienciam
1465 859 1509 893 et
1532 854 1589 894 ad
1608 853 1825 907 judicium

1887 334 1907 403 3

1846 428 1905 502 5ss¹¹

1849 778 1901 830 1044

1890 833 1901 860 ‘x'

328 926 517 980 justicie,
537 926 613 979 qui
642 932 708 966 est
744 937 932 979 magnus
964 936 1182 977 apparens
1214 916 1257 963 in
1290 922 1525 976 libertate;
1559 925 1719 967 deinde
1750 927 1825 980 qui
1850 968 1859 975 ,

333 997 536 1050 sequitur
560 994 686 1049 ipsa2
710 995 766 1036 ad
787 994 1061 1048 (pudendum
1086 993 1194 1046 sive)
1218 1000 1403 1047 puteum
1429 993 1607 1044 flavum,
1624 991 1824 1037 velocem

335 1067 444 1116 (sive
460 1066 690 1118 velociter)
710 1065 753 1106 in
773 1071 914 1114 motu,
932 1063 1179 1118 principem
1199 1063 1512 1106 miraculorum
1530 1063 1546 1087 3
1569 1065 1823 1118 multorum,

331 1138 405 1191 qui
439 1143 506 1178 est
542 1136 681 1177 multe
712 1134 1055 1176 benediccionis.
1125 1134 1183 1175 Et
1221 1135 1428 1176 convenit
1462 1135 1666 1178 similiter
1702 1139 1821 1191 quod

331 1207 632 1248 consideracio
661 1206 718 1247 sit
751 1206 793 1246 in
817 1211 1019 1259 tempore
1052 1218 1144 1254 suo,
1168 1210 1211 1245 et
1240 1218 1329 1245 non
1361 1211 1503 1246 cesset
1535 1207 1823 1248 continuare4

1845 1155 1894 1191 151·

332 1278 479 1319 lumen
511 1276 793 1330 planetarum
828 1282 872 1317 et
900 1275 1162 1316 infusionem
1192 1275 1417 1316 radiorum
1442 1289 1637 1326 suorum,
1660 1285 1704 1318 et
1731 1291 1819 1319 non
1880 1321 1889 1325 ,

331 1348 388 1389 sit
412 1348 542 1389 Luna
565 1347 756 1401 reproba
779 1347 823 1386 in
845 1360 897 1387 eo
916 1347 1037 1399 quod
1058 1346 1123 1386 vis
1146 1346 1313 1387 bonum
1332 1360 1426 1387 esse
1445 1361 1454 1397 ;
1487 1353 1531 1388 et
1549 1361 1572 1388 e
1589 1354 1742 1390 contra
1764 1349 1820 1390 sit

331 1431 433 1459 cum
451 1418 517 1458 vis
533 1430 813 1471 corrumpere
833 1415 941 1469 (sive
963 1429 1147 1469 corpore
1168 1416 1428 1472 erumpere).
1474 1416 1534 1458 Et
1556 1431 1640 1472 ego
1658 1432 1820 1472 ponam

330 1488 411 1529 tibi
435 1486 649 1541 exempla
682 1487 726 1528 in
748 1486 844 1536 hiis,
868 1486 1027 1540 quibus
1051 1485 1241 1527 multum
1265 1486 1495 1540 indigebis,
1518 1494 1563 1529 et
1584 1489 1817 1530 ostendam
1844 1507 1859 1529 2

327 1558 409 1599 tibi
435 1558 609 1606 (faciem
633 1556 719 1611 vel)
746 1556 879 1598 finem
903 1556 1049 1610 operis
1072 1556 1114 1597 in
1137 1556 1234 1606 hoc,
1259 1557 1457 1598 Domino
1480 1560 1760 1601 concedente.

389 1677 642 1732 Capitnlmn
679 1688 761 1718 .22.
799 1677 851 1717 de
882 1676 1215 1731 apprehensione
1247 1677 1499 1728 intellectus,
1536 1680 1627 1720 sive
1663 1679 1716 1720 de
1752 1680 1816 1722 in-

317 1749 538 1803 pressione
547 1749 824 1802 formarum.

36 1861 98 1887 The
114 1861 191 1888 mind
206 1868 279 1888 must
460 1829 651 1871 Uoniam
702 1829 764 1869 illi
809 1829 883 1882 qui
932 1828 1108 1870 fuerunt
1150 1829 1313 1871 velocis
1362 1831 1738 1885 apprehensionis,
1775 1841 1819 1874 et

33 1895 253 1962 §gp‘ssgffiffim
364 1899 706 1965 Nintellectus
743 1912 895 1940 eorum
930 1898 1105 1940 fuerunt
1140 1898 1363 1941 clarificati
1403 1900 1460 1941 ad
1490 1901 1817 1955 suscipiendam

327 1970 574 2019 scienciam,
598 1969 975 2023 investigaverunt
1005 1968 1111 2009 illud
1139 1970 1260 2022 quod
1292 1970 1571 2012 manifestum
1597 1979 1663 2013 est
1686 1973 1743 2014 de
1764 1986 1818 2016 eo

197 2051 259 2074 120
275 2055 306 2075 a·
328 2040 449 2094 quod
471 2040 695 2081 occultum
720 2039 798 2079 fuit
826 2036 831 2093 Ι
861 2039 935 2088 eis,
953 2045 1001 2080 et
1020 2038 1125 2079 illud
1149 2039 1274 2093 cujus
1295 2040 1482 2082 sciencia
1504 2041 1729 2085 verificata
1752 2052 1818 2087 est

326 2111 445 2164 apud
469 2123 544 2151 eos
563 2109 945 2151 confirmaverunt.
1010 2109 1070 2150 Et
1093 2110 1336 2150 secundum
1360 2107 1558 2164 modum,
1576 2120 1814 2168 postquam

327 2186 628 2234 cognoverunt
655 2187 699 2221 et
723 2179 1097 2233 investigaverunt
1128 2180 1368 2222 utilitatem
1391 2195 1517 2223 suam
1540 2189 1582 2225 et
1605 2185 1815 2227 durabili-

1840 1906 1878 1940 25

40 2258 160 2284 Persons
175 2258 205 2284 of
217 2257 290 2284 little
328 2257 467 2292 tatem
491 2257 534 2292 et
557 2250 912 2305 perpetuitatem,
930 2263 1064 2303 quam
1084 2249 1335 2292 celaverunt
1357 2258 1402 2294 et
1422 2253 1752 2298 occultaverunt
1768 2263 1816 2299 ut
1835 2271 1877 2303 30

40 2292 267 2325 understanding

36 2332 309 2387 ,cffgffgessfenti‘ffi‘e
329 2335 414 2363 non
438 2321 763 2363 associarentur
791 2320 852 2361 eis
883 2321 925 2360 in
953 2332 1105 2361 eorum
1133 2320 1322 2363 sciencia
1351 2322 1412 2363 illi
1442 2323 1517 2376 qui
1540 2336 1626 2366 non
1647 2325 1813 2368 habent

382 2433 392 2452 ¹
423 2433 496 2479 vel,
518 2430 676 2482 accipit.
860 2430 872 2451 ²
903 2431 978 2478 vel,
1002 2429 1145 2480 ipsum.
1326 2433 1339 2451 ³
1368 2433 1490 2481 aliter,
1513 2433 1795 2484 periculorum.

379 2489 391 2507 ⁴
422 2495 460 2525 et
482 2494 541 2525 est
562 2499 726 2525 necesse
747 2487 993 2525 continuare.

370 2587 475 2626 17-18
501 2589 508 2603 ³
522 2591 556 2617 et
574 2596 642 2616 non
659 2586 703 2617 sit
723 2585 838 2617 Luna'
857 2585 891 2616 in
909 2595 1020 2626 marg,
1070 2584 1188 2616 ‘Luna
1203 2585 1210 2603 ’
1227 2584 1312 2617 later
1324 2586 1421 2618 hand
1640 2599 1682 2630 25
1705 2589 1816 2621 added

324 2639 359 2669 in
391 2638 476 2669 later
504 2637 620 2670 hand:
666 2641 722 2670 ‘et
759 2642 812 2670 est
847 2648 901 2669 ars
931 2636 1135 2669 universalis
1167 2639 1208 2669 ad
1245 2639 1519 2679 aggrediendum
1557 2642 1668 2672 omnia
1703 2652 1829 2682 opera,

323 2690 476 2722 secreta'
