1908 3126
1041 63 1097 107 ⁷4
1458 48 1462 51 ·
1858 0 1894 194 l

31 179 227 241 {ffgrprffiffisrf
239 179 296 206 and
387 170 511 213 Scito
554 178 704 234 autem
747 172 869 226 quod
922 173 1185 222 dormitacio
1236 181 1342 214 ante
1394 173 1628 226 prandium
1671 173 1816 215 reddit
1870 199 1889 243 ,ἰ

324 253 484 297 corpus
519 243 809 285 macilentum
842 250 887 284 et
919 243 1117 285 desiccat
1153 243 1466 286 humiditatem
1505 243 1600 298 ejus
1633 251 1677 286 et
1713 257 1815 286 con-

323 314 469 354 sumit.
536 314 642 355 Post
667 313 958 355 refeccionem
981 328 1086 356 vero
1109 314 1219 356 mire
1249 328 1407 368 corpus
1430 314 1582 364 reficit,
1605 314 1744 368 replet
1770 321 1812 356 et
1868 311 1882 347 ·‘

34 386 67 412 111
82 387 161 420 sleep
174 386 223 412 the
324 384 583 425 corroborat
614 391 752 438 atque
783 384 932 425 nutrit.
996 383 1116 438 Quia
1138 385 1246 425 dum
1277 385 1444 426 dormit
1467 384 1605 426 homo
1627 385 1813 439 quiescit
1871 374 1886 443 ᾗ

33 422 146 447 natural
160 421 227 446 heat
241 419 264 445 is

33 455 288 481 withdrawnsffflss
324 467 498 508 corpus,
521 461 565 496 et
595 462 700 496 tunc
729 454 921 496 trahitur
949 455 1069 496 calor
1094 455 1321 506 naturalis,
1344 455 1419 509 qui
1442 454 1625 496 diffusus
1647 462 1712 497 est
1735 452 1813 510 per
1832 469 1882 504 5

31 490 277 594 ΞΞΞΞΞᾸΠΞΞἘ
325 532 471 567 totum
502 539 674 580 corpus,
697 526 753 567 ad
781 525 1074 576 stomachum,
1097 534 1140 567 et
1162 527 1226 573 *ad
1258 526 1468 568 interiora
1498 523 1746 576 stomachi,l
1770 532 1814 567 et
1880 559 1886 573 ,

63 588 107 600 ³*
180 587 185 593 ”
208 602 257 634 ·6ο
275 613 304 633 a.
326 601 428 636 tunc
460 596 821 637 corroborabitur
851 603 1078 638 stomacus
1110 611 1242 652 super
1273 597 1585 646 decoccionem
1608 596 1705 643 cibi,
1737 595 1742 650 ξ
1770 601 1814 637 et
1861 603 1884 615 ”

35 683 113 710 Food
127 689 254 709 ateven-
324 672 429 707 tunc
460 667 604 720 querit
637 667 775 708 virtus
809 667 1042 709 racionalis
1073 681 1198 709 suam
1232 667 1444 721 quietem.
1509 666 1700 720 Propter
1730 666 1816 707 hoc
1875 653 1890 720 ζ’,

33 718 126 779 2333?
139 718 209 745 ‘han
223 724 251 744 at
324 736 535 779 dixerunt
557 737 740 790 quidam
765 737 1019 793 philosophi
1043 738 1163 792 quod
1196 738 1338 791 magis
1367 736 1542 792 proficit
1563 737 1816 791 vespertina
1876 731 1886 768 ἶ

323 808 540 850 comestio
563 822 697 861 quam
722 809 983 860 meridiana,
1006 809 1108 862 quia
1137 809 1381 850 meridiana
1410 808 1628 850 comestio
1660 807 1815 862 recipit
1838 786 1892 862 13}

322 876 514 918 calorem
548 878 634 918 diei
668 880 848 932 quando
880 893 1034 920 sensus
1065 875 1309 933 operantur
1341 886 1384 920 et
1417 879 1591 920 animus
1623 884 1816 920 vexatur
1841 859 1890 928 ,3³

322 954 506 1001 propter
528 961 581 988 ea
603 962 690 1002 que
712 949 838 991 audit
870 949 1005 991 homo
1028 957 1071 991 et
1095 950 1399 995 raciocinatur‚
1424 956 1468 990 et
1490 946 1670 1003 propter
1693 949 1813 1003 cogi·
1862 922 1891 975 ἐ

253 1031 262 1039 ·
323 1017 520 1068 taciones
560 1025 603 1059 et
651 1026 833 1073 propter
876 1020 1016 1060 multa
1059 1014 1295 1061 incomoda
1338 1027 1382 1060 et
1424 1019 1617 1074 plurima
1658 1019 1812 1062 incon·
1870 1018 1886 1075 ἐξ

31 1104 301 1131 Ainoonexternal
323 1087 546 1130 veniencia
578 1102 664 1143 que
695 1103 854 1145 corpus
881 1090 1228 1132 circumveniunt
1258 1104 1344 1144 que
1367 1089 1547 1131 veniunt
1577 1103 1634 1132 ex
1667 1089 1813 1132 calore
1868 1082 1889 1107 ³⁴⁴

29 1139 278 1213 ffiifl‘issikfissss'tthe
322 1165 366 1199 et
385 1166 524 1200 motu.
580 1159 641 1201 Et
661 1166 844 1215 propter
865 1160 948 1203 hoc
966 1161 1009 1202 in
1031 1161 1139 1204 hora
1157 1160 1401 1202 meridiana
1418 1159 1682 1202 diffunditur
1694 1158 1815 1201 calor
1837 1124 1899 1282 [ἐς

30 1207 286 1270 ἓὲιᾞιῖῗὶῖὲῗῗὼε
323 1229 536 1270 naturalis
558 1243 638 1285 per
660 1231 885 1272 exteriora
907 1224 1102 1286 corporis
1126 1238 1169 1272 et
1194 1231 1292 1273 ideo
1319 1236 1423 1272 tunc
1447 1230 1637 1272 multum
1659 1229 1815 1272 debili·
1835 1229 1840 1233 ’

30 1317 69 1342 At
83 1317 268 1356 supper-time
324 1306 441 1341 tatur
466 1306 692 1342 stomacus
717 1307 760 1342 et
783 1301 834 1344 fit
856 1302 1078 1356 impotens
1106 1301 1163 1342 ad
1190 1300 1474 1355 coquendum
1498 1300 1662 1342 cibum.
1722 1300 1812 1343 Ve-
1863 1283 1889 1355 f

30 1351 200 1418 ffigthmg
214 1361 237 1378 ¹⁵
324 1377 607 1424 rumptamen
641 1371 686 1412 in
718 1385 827 1413 cena
859 1373 1110 1428 vespertina
1142 1372 1192 1413 fit
1222 1378 1370 1413 totum
1404 1371 1685 1431 contrarium,
1708 1371 1814 1426 quia
1864 1360 1882 1418 ἶ

324 1446 426 1481 tunc
449 1441 610 1483 accidit
632 1443 804 1496 corpori
829 1442 1126 1497 tranquillitas
1159 1443 1333 1493 laboris,
1356 1448 1401 1484 et
1420 1448 1528 1484 tunc
1550 1449 1617 1483 est
1640 1442 1814 1497 requies

324 1510 523 1552 sensibus
557 1518 602 1552 et
640 1513 800 1562 anime,
835 1520 880 1554 et
913 1520 1017 1555 tunc
1049 1519 1114 1555 est
1147 1513 1288 1554 noctis
1320 1512 1538 1567 frigiditas
1572 1526 1657 1567 que
1689 1512 1812 1554 ducit
1838 1525 1853 1548 a

326 1586 528 1622 naturam
545 1581 561 1605 2
583 1582 639 1623 ad
664 1583 867 1624 interiora
896 1591 940 1626 et
962 1583 1167 1625 inferiora
1190 1582 1440 1644 stomachi.3

35 1684 219 1745 wallkaiittle
231 1679 383 1716 aftervel
418 1679 642 1719 laborando
669 1681 757 1720 forti
789 1682 934 1721 labore.
998 1684 1092 1720 Post
1132 1695 1251 1720 unam
1283 1682 1423 1720 horam
1456 1689 1590 1720 tamen
1621 1681 1814 1729 sedendo,

31 1728 66 1745 ³¹¹
91 1728 163 1746 ¹⁰⁸¹·
322 1734 417 1773 utile
448 1742 507 1773 est
537 1735 709 1775 suaviter
733 1734 940 1776 ambulare
970 1751 1040 1788 per
1067 1737 1185 1776 aliam
1213 1738 1351 1776 horam
1387 1744 1481 1775 ante
1509 1735 1814 1784 dormicionem,

324 1790 418 1838 quia
452 1797 548 1828 tunc
581 1799 639 1830 est
671 1800 830 1843 tempus
866 1800 907 1831 ut
938 1792 1052 1832 cibus
1088 1793 1308 1831 descendat
1329 1793 1380 1831 ad
1412 1792 1574 1835 inferius
1603 1791 1812 1838 stomachi,

324 1844 414 1883 licet
446 1858 528 1884 non
563 1845 603 1884 in
636 1846 764 1897 prima
801 1848 910 1895 hora,
943 1856 985 1886 ut
1016 1847 1153 1894 voluit,
1186 1847 1279 1898 quia
1309 1848 1517 1886 Avicenna
1545 1847 1665 1886 docet
1703 1847 1814 1897 quod
1835 1859 1850 1882 π

35 1891 124 1934 nom
137 1907 214 1940 s1eep
228 1914 253 1933 ω
324 1900 473 1938 multus
496 1908 629 1940 motus
650 1911 688 1941 et
710 1902 822 1942 labor
849 1912 1110 1954 corrumpunt
1137 1902 1272 1941 cibum
1297 1902 1335 1940 in
1353 1911 1544 1941 stomaco.
1602 1903 1670 1941 Set
1691 1903 1814 1941 scien-

31 1942 217 2003 ffiffiastera
322 1955 420 1992 dum
435 1963 494 1994 est
511 1958 622 2006 quod
645 1971 725 1996 non
747 1958 869 1997 debet
887 1959 1010 1997 homo
1027 1957 1200 1997 dormire
1222 1957 1455 1997 immediate
1476 1965 1566 2008 post
1587 1955 1812 2008 prandium,

322 2011 415 2059 quia
450 2011 661 2051 descendit
692 2012 806 2051 cibus
841 2013 1001 2052 facilius·
1025 2022 1133 2066 extra
1166 2013 1420 2051 stomachum
1451 2020 1489 2051 et
1520 2011 1753 2063 indigestus,
1775 2020 1814 2050 et

323 2066 492 2104 multum
515 2075 635 2106 nocet
655 2067 794 2115 oculis,
817 2068 911 2119 quia
932 2068 971 2106 in
988 2068 1230 2108 dormiendo
1247 2069 1346 2106 fiunt
1364 2067 1489 2108 muste
1505 2068 1813 2118 evaporaciones
1856 2103 1859 2106 .

320 2120 372 2158 ad
393 2122 525 2172 capud
547 2135 626 2172 que
653 2130 816 2173 gravant
847 2124 1011 2163 oculos:
1042 2123 1157 2174 igitur
1174 2131 1278 2174 'post
1303 2124 1403 2162 duas
1424 2124 1541 2161 horas
1574 2123 1726 2162 bonum
1755 2130 1813 2162 est
1832 2135 1851 2168 3

321 2175 507 2215 dormire.

377 2230 387 2250 ¹
418 2231 580 2280 scilicet,
601 2234 653 2272 ad
675 2234 845 2272 fundum
867 2234 965 2283 ejus.

376 2284 390 2305 ²
418 2285 459 2325 id
480 2295 551 2335 est,
574 2289 746 2327 calorem
769 2289 1002 2328 naturalem.

34 2342 186 2403 wulgus?
200 2349 303 2404 ηῗιῑρῑίο
378 2341 391 2359 ²³
422 2342 591 2392 Propter
619 2344 687 2381 lzoc
718 2344 912 2382 deli-erunt
942 2345 1102 2393 quidam
1128 2345 1355 2395 philosophi
1381 2345 1486 2392 {laod
1513 2345 1636 2394 magis
1655 2343 1816 2394 proficit

32 2386 305 2449 531¹ppe.-1n‘}3{„„sses
324 2397 540 2446 vespertina
575 2399 755 2445 comestio,
788 2406 862 2437 etc.
921 2399 1128 2448 Johannes
1160 2406 1293 2439 tamen
1332 2400 1609 2438 Damascenu‘s
1639 2397 1736 2438 dicit
1771 2398 1811 2436 in
1831 2405 1850 2438 ὃ

32 2451 110 2472 ”me-
323 2451 549 2500 Afforzkmis
569 2452 649 2491 suis
670 2454 731 2492 vel
753 2454 977 2492 secundum
999 2455 1197 2504 quosdam
1223 2453 1488 2501 Diascorffles,
1504 2455 1615 2505 quod
1633 2455 1812 2505 jejunare

323 2504 363 2543 in
385 2514 509 2545 estate
530 2509 722 2547 continue
745 2521 872 2559 usque
895 2509 947 2548 ad
972 2522 1178 2559 vesperam
1209 2509 1299 2548 facit
1322 2516 1493 2559 quatuor
1513 2510 1630 2557 mala,
1650 2515 1812 2560 generat

322 2561 602 2600 melancoliam
652 2564 809 2611 malam,
861 2572 898 2602 et
947 2563 1174 2610 ictericiam‚
1212 2572 1250 2603 et
1300 2563 1481 2611 maciem,
1521 2573 1559 2604 et
1608 2564 1810 2604 defectum

321 2617 545 2664 oculorum,
574 2625 613 2656 et
643 2619 721 2656 hoc
751 2618 900 2669 experti
930 2631 1068 2657 sumus
1097 2618 1138 2657 in
1168 2618 1359 2669 pluribus.
