1908 3126
798 132 852 184 89

75 246 397 295 corroboratur,
413 247 516 299 quia
534 247 698 288 sanitas
721 253 764 287 et
783 245 1037 287 durabilitas
1056 245 1098 285 in
1116 244 1198 284 hiis
1221 243 1364 284 modis
1387 242 1559 283 duobus

75 317 286 359 consistit.

132 388 201 430 De
221 388 385 442 duplici
403 388 696 441 corrnpcioue.

135 458 375 501 Sciendum
409 466 476 500 est
508 459 551 499 in
584 458 666 499 hoc
698 458 796 498 loco
824 457 943 510 quod
977 455 1222 497 destruccio
1257 460 1299 494 et
1332 453 1558 506 corrupcio
1578 469 1679 502 Decay
1693 468 1782 495 osthe

38 547 55 578 5
77 529 271 583 corporis
295 515 492 583 provenit
515 543 572 569 ex
595 528 767 569 duabus
784 527 936 576 causis,
955 539 1041 566 una
1060 523 1278 574 naturalis,
1303 522 1388 564 alia
1405 528 1557 564 contra
1576 503 1738 565 iffssfisssssfiom
1754 508 1809 530 two

76 606 292 641 naturam.
354 598 580 656 Naturalis
618 598 818 652 provenit
850 611 907 637 ex
939 595 1255 637 contrariarum
1289 592 1556 646 qualitatum
1575 605 1696 636 natural,

78 669 373 724 repugnancia
410 676 452 710 et
487 669 858 717 contradiccione,
896 667 1075 720 quando
1109 664 1282 706 siccitas
1305 663 1560 704 dominatur

78 739 120 779 in
163 753 358 794 corpore.
423 739 666 793 Corrupcio
701 752 801 780 vero
839 744 991 779 contra
1026 743 1228 777 naturam
1265 734 1467 788 provenit
1502 747 1560 774 ex

78 809 225 862 aliqua
247 823 378 850 causa
399 808 673 857 accidentali,
702 809 793 850 sive
814 822 870 849 ex
898 807 1017 848 bello
1043 806 1134 846 sive
1161 819 1217 846 ex
1241 804 1482 846 offensione
1504 804 1560 845 ad
1579 820 1610 837 or
1626 810 1795 837 accidental-

20 893 59 917 ιο
78 878 283 932 lapidem,
306 879 396 920 sive
418 894 476 920 ex
500 878 595 920 aliis
619 878 811 920 fortuitis
835 878 1019 927 casibus,
1043 877 1133 917 sive
1157 890 1214 916 ex
1238 873 1494 915 infirmitate
1519 881 1562 915 et

79 948 196 990 malo
219 948 412 990 consilio.

143 1079 390 1134 Capitulum
415 1091 496 1120 .21.
517 1079 570 1120 de
590 1079 803 1120 divisione
822 1078 1012 1119 ciborum
1034 1083 1075 1117 el
1092 1091 1240 1118 eornm
1263 1076 1515 1130 cognicione.
1817 1073 1851 1108 Ο

192 1185 373 1225 Iborum
395 1184 588 1237 quedam
617 1188 718 1222 sunt
746 1181 938 1233 subtilia,
961 1181 1152 1235 quedam
1185 1193 1351 1234 grossa,
1374 1180 1564 1233 quedam
1587 1183 1811 1210 Kindsosfood·

180 1253 348 1294 media.
394 1252 583 1294 Subtilia
606 1251 812 1293 subtilem
829 1256 1042 1305 generant
1063 1250 1321 1304 sanguinem
1341 1249 1506 1290 clarum
1523 1255 1565 1289 et

24 1339 60 1372 15
84 1325 266 1374 bonum,
280 1329 328 1364 ut
345 1328 447 1363 sunt
466 1322 751 1371 frumentum,
769 1320 876 1375 pulli
895 1320 1160 1375 gallinarum
1178 1320 1292 1361 bene
1310 1319 1473 1368 nutriti,
1500 1326 1542 1360 et
1559 1317 1565 1373 Ι

81 1407 176 1435 ova.
242 1392 405 1434 Grossa
450 1405 555 1432 vero
601 1391 765 1432 cibaria
807 1390 955 1431 valent
1002 1389 1154 1430 calidis
1207 1389 1473 1437 hominibus>
1523 1395 1565 1430 et
1588 1388 1677 1429 701³·

85 1462 390 1519 laborantibus
428 1462 470 1503 in
507 1461 688 1516 jejunio,
731 1467 775 1501 et
818 1461 1142 1501 dormientibus
1184 1466 1286 1512 post
1319 1460 1565 1512 prandium.
1585 1443 1672 1469 G¹'⁰⁵⁵
1688 1441 1776 1468 s⁰⁰d⁵‘

86 1533 234 1575 Media
255 1539 406 1574 autem
439 1532 603 1573 cibaria
636 1544 723 1571 non
756 1538 970 1585 generant
1004 1530 1282 1571 inflacionem
1317 1542 1395 1569 nec
1418 1541 1567 1583 super-
1587 1529 1834 1562 0¹·d5122r5s00d5·

85 1603 315 1654 fluitatem,
352 1610 401 1644 ut
442 1609 543 1643 sunt
585 1614 737 1643 carnes
779 1601 951 1655 agnine,
996 1599 1195 1648 arietine‚
1232 1599 1483 1647 castratine‚
1526 1605 1570 1640 et

27 1693 67 1716 20
87 1687 242 1716 omnes
284 1686 437 1714 carnes
478 1686 564 1727 que
606 1678 707 1713 sunt
750 1671 891 1713 calide
933 1677 977 1712 et
999 1671 1191 1712 humide.
1271 1667 1572 1722 Hujusmodi¹

88 1751 238 1786 tamen
275 1743 482 1785 videntur
518 1742 665 1783 fallere
702 1742 745 1782 in
783 1742 866 1783 hiis
909 1741 1111 1783 carnibus
1148 1739 1328 1794 quando
1361 1745 1574 1790 assantur,

90 1814 299 1867 quoniam
323 1813 426 1854 inde
448 1813 685 1867 adquirunt
703 1813 913 1853 duriciem
929 1811 1204 1853 caliditatem
1220 1809 1235 1833 2
1250 1816 1293 1850 et
1316 1809 1572 1849 siccitatem.

89 1882 135 1925 Si
169 1885 318 1937 itaque
350 1882 462 1923 tales
499 1896 650 1923 carnes
688 1887 899 1932 assantur,
933 1881 1022 1922 cito
1056 1880 1358 1929 comedantur,
1392 1884 1436 1919 et
1467 1884 1574 1919 tunc

88 1953 400 1995 laudabiliores
422 1961 523 2011 sunt
538 1951 554 1975 3
577 1959 619 1993 et
641 1952 847 2006 precipue
874 1951 1052 2005 quando
1075 1950 1117 1990 in
1141 1950 1202 1990 eis
1231 1961 1386 1990 suaves
1407 1947 1574 2001 species

29 2043 68 2075 25
87 2030 382 2078 apponuntur.

147 2163 156 2182 ¹
188 2162 229 2200 id
250 2169 322 2210 est,
344 2160 436 2199 talia
457 2161 712 2199 documenta.

144 2217 156 2236 ²
187 2215 349 2264 scilicet,
385 2217 554 2254 exterius
590 2222 648 2254 set
687 2213 850 2252 interius
885 2221 976 2252 sunt
1008 2213 1174 2252 humide
1205 2220 1242 2252 et
1277 2212 1369 2251 ideo
1404 2211 1575 2250 duricies

89 2270 257 2311 exterior
275 2271 396 2310 debet
417 2269 603 2309 amoveri.
1275 2258 1290 2272 ⁹

146 2327 158 2347 ³
179 2325 272 2377 quia
302 2325 334 2364 si
364 2325 615 2364 dimittantur
642 2323 870 2374 infrigidari,
894 2322 1072 2362 duriores
1094 2330 1186 2361 sunt
1210 2330 1248 2361 et
1270 2323 1402 2360 minus
1424 2321 1572 2371 sapide.

34 2401 75 2432 30
93 2381 442 2421 Considerandum
464 2379 580 2430 igitur
601 2387 659 2418 est
679 2380 790 2429 quod
817 2379 1040 2417 secundum
1065 2377 1321 2416 Aristotelem
1348 2391 1396 2423 .4.
1423 2377 1576 2415 Metha-

31 2465 34 2468 ι
84 2437 230 2485 plu'sz'ce
257 2437 367 2486 quod
394 2443 524 2473 assata
546 2434 710 2473 interius
738 2442 829 2472 sunt
860 2433 1036 2480 humida,
1060 2439 1098 2471 et
1127 2434 1268 2484 eli>5ata
1291 2431 1454 2470 interius
1485 2438 1576 2469 sunt
1596 2439 1658 2465 The
1672 2438 1814 2472 digestion

94 2493 209 2538 sicca,
233 2498 271 2529 et
292 2491 385 2529 ideo
405 2498 535 2528 assata
555 2489 697 2528 melius
725 2489 914 2527 nutriunt.
975 2489 1043 2526 Set
1073 2494 1207 2526 tamen
1232 2488 1376 2526 durum
1407 2486 1576 2524 exterius
1594 2473 1714 2514 -0fs⁰⁰d·

94 2553 354 2592 removeatur,
389 2552 548 2596 propter
579 2545 689 2594 quod
718 2544 924 2582 Avicenna
952 2541 1081 2592 primo
1111 2542 1212 2581 libro
1241 2543 1358 2580 Artis
1387 2541 1578 2578 Meda-ine

95 2601 214 2639 docet
245 2601 355 2650 quod
389 2599 531 2638 minuti
562 2599 712 2638 debent
752 2599 963 2638 comedere
1002 2610 1140 2636 carnes
1173 2604 1322 2635 assatas
1351 2596 1403 2634 ad
1435 2603 1578 2634 restau-

34 2676 52 2708 3
57 2677 75 2709 5
94 2656 262 2696 randum
283 2654 529 2705 sanguinem.

145 2801 181 2820 12
207 2791 359 2830 Chapter
375 2790 418 2819 lv.
441 2789 478 2821 V.
