1908 3126
803 159 865 207 75‘
883 185 889 192 ·

149 267 399 323 Capitulum
420 271 474 312 .8.
487 270 539 312 de
555 271 689 312 semel
700 271 951 312 comedendo
975 271 1019 311 in
1037 270 1106 310 dic
1126 268 1196 309 vel
1215 267 1278 308 bis
1294 272 1334 306 ct
1349 269 1571 305 cousuetu-

86 338 187 380 dine
206 339 439 391 servanda‚
453 348 495 382 et
514 340 566 381 de
588 340 711 382 modo
731 341 1080 383 consuetudinem
1105 335 1321 384 mutandi,
1338 334 1380 375 si
1395 338 1570 387 oportet.
1593 368 1619 394 K

1623 376 1675 401 eep
1688 376 1759 400 your
1771 376 1817 393 ac-

1590 402 1738 429 customed
1753 401 1835 427 meal-

157 426 269 467 Tem
298 427 499 480 ignorare
522 434 569 469 tu
591 441 679 469 non
702 429 838 470 debes
856 427 975 481 quod
994 427 1067 481 qui
1088 423 1315 468 consuevit
1338 420 1572 462 comedere
1592 436 1684 462 mnes.

157 496 225 538 bis
261 497 302 537 in
336 498 420 549 die,
452 498 487 539 si
526 499 750 540 contineat
780 513 826 540 se
855 499 911 539 ad
946 511 1080 538 unam
1109 502 1274 537 certam
1307 493 1462 534 horam
1496 489 1501 544 Ι
1528 497 1572 530 et
1592 480 1684 511 ⁶01³·

54 586 71 618 5
89 580 222 608 unam
240 574 414 609 tantum
429 569 938 620 comestionem,certum
954 567 1127 609 eveniet
1142 565 1223 606 sibi
1240 567 1573 605 nocumentum.

89 637 148 677 Et
174 637 235 677 sic
265 638 437 679 eveniet
466 637 527 678 illi
558 639 633 692 qui
664 638 891 680 consuevit
918 637 1054 679 semel
1086 637 1127 676 in
1160 635 1233 675 die
1260 632 1505 678 comedere,
1531 635 1575 669 et

90 706 243 759 incipit
273 706 339 747 bis
365 708 610 748 comedere.
674 708 792 762 Quia
824 707 919 761 ejus
950 706 1206 748 stomachus
1239 703 1391 755 nequit
1423 698 1571 741 cibum

90 776 303 829 digerere,
324 783 367 817 et
394 777 494 818 ideo
527 777 799 831 indigestum
833 777 1078 818 remanebit
1112 773 1446 815 nutrimentum.
1513 768 1572 808 Et

90 847 165 899 qui
187 847 415 888 consuevit
439 847 482 887 in
505 861 591 888 una
613 855 734 889 certa
757 848 865 889 hora
888 847 1133 895 comedere,
1153 852 1195 885 et
1219 841 1425 884 transfert
1447 851 1572 879 suam

35 931 74 955 10
91 917 406 957 comestionem
431 930 569 971 usque
592 919 646 958 ad
669 918 802 959 aliam
826 917 1100 969 horam,cito
1118 912 1330 968 percipiet
1352 909 1472 964 quod
1499 922 1574 948 sue

92 991 247 1027 nature
271 999 356 1026 non
379 986 553 1039 proficit
582 988 771 1028 multum
801 994 868 1029 set
897 987 1048 1037 officit,
1070 985 1172 1038 quia
1203 980 1479 1024 consuetudo
1508 984 1576 1018 est
1595 971 1822 1033 {ffig’ffljtssffi

91 1055 230 1097 altera
252 1062 421 1097 natura.
1069 1068 1074 1072 ·
1170 1059 1172 1061 ’
1618 1098 1622 1102 ¹

153 1123 200 1166 Si
229 1125 362 1179 igitur
384 1125 533 1179 aliqua
555 1128 808 1178 necessitas,
828 1143 913 1182 que
937 1128 1078 1182 legem
1109 1138 1195 1165 non
1219 1124 1367 1169 habet,
1394 1129 1437 1161 te
1459 1132 1577 1160 com·
1598 1113 1815 1176 &35⁴stth

94 1193 219 1248 pellit
249 1195 304 1235 ad
335 1195 430 1244 hoc,
453 1196 661 1238 videlicet
689 1205 736 1239 ut
758 1198 1034 1239 consuetudo
1068 1191 1331 1236 comedendi
1366 1195 1577 1237 mutetur,

37 1281 75 1314 15
93 1264 178 1305 hoc
195 1264 328 1305 debet
351 1263 442 1305 fieri
464 1266 654 1308 discrete
676 1275 720 1309 et
741 1268 974 1322 sapienter,
989 1265 1195 1307 videlicet
1214 1270 1261 1304 ut
1279 1261 1357 1302 fiat
1375 1257 1577 1300 mutacio
1597 1250 1822 1316 {ssg'ggefflffiss’

95 1334 425 1376 consuetudinis
462 1335 678 1389 paulatim
718 1351 804 1378 una
840 1337 936 1378 vice
972 1342 1074 1390 post
1111 1334 1258 1382 aliam,
1293 1339 1336 1372 et
1376 1330 1452 1377 sic,
1491 1326 1578 1367 Dei
1598 1317 1756 1380 {ffi‘ss'tsgfstsse
1772 1316 1810 1349 by

96 1404 331 1458 adjutorio,
356 1406 552 1458 undique
574 1406 686 1447 bene
708 1405 798 1449 fiet.

158 1512 418 1568 Capitulum
431 1528 485 1567 .9.
508 1514 625 1567 quod
641 1530 725 1556 72072
748 1516 933 1557 iter-etm-
954 1514 1153 1556 comestio
1176 1519 1278 1553 cmlc
1298 1508 1580 1563 &gestionem

86 1585 331 1640 perfectam
341 1585 515 1638 prioris
534 1585 628 1635 cz'bz',
649 1592 694 1626 et
711 1584 918 1639 quomodo
940 1585 1014 1626 lzoc
1034 1589 1325 1638 cognoscatur.

1606 1659 1650 1684 Do
1664 1663 1714 1684 not
1723 1662 1769 1682 eat
1777 1655 1871 1681 unless

41 1680 80 1702 ²0
217 1667 256 1708 T
279 1680 385 1708 cave
407 1681 462 1709 ne
485 1668 640 1709 iterum
662 1669 874 1709 comedas
898 1670 1039 1709 donec
1061 1665 1301 1708 certissime
1323 1658 1583 1715 cognoveris
1603 1693 1650 1718 [he
1664 1690 1790 1718 Stomach
1805 1689 1827 1716 is

216 1737 497 1778 stomachum
540 1752 635 1780 esse
671 1752 878 1789 vacuum,
907 1739 950 1779 id
990 1745 1067 1787 est,
1101 1742 1340 1791 purgatum
1378 1724 1404 1772 a
1441 1729 1583 1783 primo
1602 1731 1701 1759 empty

100 1807 210 1848 cibo.
267 1807 327 1848 Et
350 1808 435 1848 hoc
457 1807 720 1862 cognoscas¹
745 1823 822 1862 per
839 1809 1117 1858 desiderium,
1136 1808 1179 1848 id
1203 1812 1281 1855 est,
1303 1816 1403 1844 cum
1427 1798 1582 1841 volun·
1601 1791 1816 1860 23&ssssth
1829 1798 1864 1815 ²¹¹¹

99 1884 240 1918 tatem
272 1879 533 1919 comedendi
566 1879 730 1920 habere
757 1879 937 1932 ceperis,
961 1886 1004 1920 et
1029 1892 1105 1933 per
1131 1875 1423 1918 subtilitatem
1449 1869 1583 1911 salive

100 1949 156 1990 ad
180 1962 228 1989 os
251 1949 534 1990 decurrentis.
598 1949 716 2004 Quia
738 1950 773 1990 si
797 1950 895 2003 quis
923 1949 1132 1990 habunde
1165 1946 1311 1988 cibum
1346 1940 1585 1995 sumpserit

43 2030 81 2062 25
101 2020 267 2072 absque
304 2019 500 2072 corporis
534 2020 808 2067 necessitate,
845 2019 887 2060 id
926 2025 1004 2068 est,
1039 2018 1131 2058 sine
1167 2016 1397 2057 voluntate
1437 2023 1584 2051 come-

102 2090 244 2138 dendi,
278 2087 284 2145 Ι
317 2089 439 2130 cibus
483 2102 632 2130 recens
684 2089 874 2131 inveniet
916 2089 1105 2130 calorem
1160 2084 1406 2127 naturalem
1459 2080 1585 2135 quasi
1605 2083 1642 2114 61
1665 2094 1694 2115 a.

102 2153 299 2215 gelidum
332 2174 389 2200 ex
422 2160 729 2201 habundancia
762 2160 999 2201 humorum
1039 2155 1392 2211 infrigidancium
1430 2158 1475 2192 et
1509 2151 1585 2191 de·
1604 2142 1861 2210 ssgssgfssfi'gssfflt,

104 2230 384 2272 coccionibus
407 2243 560 2272 eorum
585 2231 804 2271 intentum
827 2237 870 2272 et
887 2236 1116 2276 vexatum,
1141 2234 1184 2268 et
1209 2227 1308 2267 ideo
1329 2236 1416 2264 non
1438 2229 1586 2276 potest

105 2314 201 2342 esse
222 2301 339 2342 calor
362 2301 553 2342 intentus
576 2301 658 2342 hiis
681 2307 724 2342 et
747 2301 857 2353 aliis,
875 2300 978 2354 quia
1003 2297 1200 2353 pluribus
1231 2296 1425 2337 intentus
1449 2291 1590 2333 minor

48 2385 89 2415 30
107 2378 174 2413 est
196 2372 253 2412 ad
275 2371 463 2425 singula.

165 2439 212 2482 Si
234 2454 350 2490 vero,
373 2454 471 2482 cum
497 2441 813 2482 desideraverit
837 2441 998 2488 cibum,
1021 2437 1263 2491 susceperit
1293 2448 1394 2476 eum
1417 2432 1514 2486 quis
1544 2436 1590 2470 et
1610 2424 1667 2491 {⁴0³1}
1680 2431 1838 2483 ᾗξζζῖᾒῡ

108 2524 207 2552 cum
233 2524 396 2565 magno
415 2511 644 2561 desiderio,
659 2518 763 2552 tunc
782 2510 970 2551 inveniet
990 2509 1113 2550 cibus
1136 2506 1327 2549 calorem
1346 2501 1590 2545 naturalem
1611 2497 1747 2526 appe‘ste‘

155 2616 173 2655 ‚¹
205 2628 434 2666 cognosces.

158 2727 171 2754 1
199 2717 352 2756 Chapter
369 2717 426 2748 xli.
452 2717 487 2746 V.
675 2716 714 2746 18
737 2715 892 2754 Chapter
908 2714 980 2744 xlii.
1002 2712 1039 2744 Γ.

155 2818 175 2848 3
200 2808 304 2849 quod]
323 2808 401 2847 quia
421 2807 492 2838 MS.
630 2816 647 2845 7
674 2804 807 2846 nequit]
826 2803 954 2844 nequid
974 2803 1045 2834 MS
