1908 3126
8 297 63 324 like
78 297 158 324 those
173 296 205 323 of
215 295 263 322 the

7 333 176 359 firmament.

1010 36 1089 77 126

298 169 388 210 quo
409 153 541 196 nichil
565 150 907 207 est'preciosiuS,
928 149 1151 200 videlicet,
1168 148 1379 190 circulum
1402 147 1670 190 firmamenti
1693 162 1793 190 cum

299 224 394 267 aliis
419 223 591 266 circulis
613 221 850 264 celestibus
867 227 911 263 et
927 219 1138 275 angelicis
1154 219 1382 274 spiritibus
1398 219 1474 273 qui
1496 225 1599 261 sunt
1615 219 1659 260 in
1676 218 1796 262 celis.

301 296 362 337 Et
406 294 588 348 quando
603 292 617 317 ¹
657 293 835 334 fuerunt
877 290 1182 332 ordinaciones
1225 290 1316 331 sive
1358 289 1574 342 regimina
1614 295 1709 331 tam
1752 290 1796 331 in

301 364 578 408 inferioribus
609 376 745 417 quam
781 362 824 402 in
855 360 1151 416 superioribus
1184 361 1240 402 ad
1275 347 1641 411 conservanciam‘
1665 359 1797 414 hujus

301 436 471 488 mundi,
493 435 637 476 visum
660 439 729 475 est
752 432 858 474 mihi
881 431 1043 473 debere
1065 431 1255 485 incipere
1284 430 1362 473 tali
1388 431 1524 473 modo
1545 430 1590 472 in
1613 429 1798 483 mundo,
1819 432 1837 465 5

301 513 344 549 et
366 506 448 547 hec
471 511 536 546 est
559 503 728 545 utilitas
750 502 882 556 hujus
906 501 1006 542 libri
1030 507 1073 543 et
1095 500 1176 542 hec
1200 507 1266 542 est
1290 501 1385 555 ejus
1409 498 1588 554 figu1·a.2

357 576 427 629 De
446 575 661 617 creacz'one
671 571 987 628 primordialis
1007 570 1203 613 materie.

364 646 563 687 Mundus
591 650 657 686 est
687 649 810 685 ortus
841 656 917 684 seu
945 641 1218 693 viridarium,
1240 641 1335 696 ejus
1366 641 1550 683 materia
1584 639 1670 696 (vel
1700 641 1802 683 sub-

303 717 473 759 stancia
487 715 556 757 vel
579 729 707 770 sepes
723 713 833 768 ejus)
854 720 921 755 est
934 711 1151 766 judicium
1173 711 1355 766 (scilicet
1374 712 1460 753 Dei
1477 710 1738 767 angelorum
1756 717 1802 753 et

192 796 233 839 96
252 797 282 829 b.
303 786 571 841 hominum):
602 784 826 839 Judicium
842 789 908 825 est
924 783 1177 824 dominator
1204 781 1208 837 Ι
1237 782 1428 824 vallatus
1445 781 1532 835 (vel
1548 781 1802 824 dominacio
1823 794 1863 818 10
1906 787 1908 814 ‹

303 857 484 911 vallata)
516 856 641 910 lege:
677 854 779 897 Lex
810 860 876 895 est
907 867 997 907 qua
1029 866 1110 894 rex
1140 852 1252 907 regit
1282 866 1498 906 regnum:
1536 852 1597 894 Et
1624 865 1705 893 rex
1737 858 1803 893 est

304 934 458 981 pastor
470 927 546 981 qui
560 925 815 967 defenditur
829 920 1124 978 a‘proceribus
1141 940 1149 964 :
1186 923 1394 965 Proceres
1411 929 1513 964 sunt
1527 922 1802 980 stipendiarii
1845 930 1854 936 ⁷

305 997 542 1039 sustentati
558 996 745 1051 pecunia
765 1012 772 1036 :
807 994 999 1036 Pecunia
1017 1008 1121 1036 vero
1139 1001 1208 1036 est
1226 993 1403 1036 fortuna
1425 1007 1512 1047 que
1535 992 1761 1047 colligitur
1777 1008 1804 1035 a

307 1068 515 1110 subditis:
549 1066 730 1109 Subditi
745 1072 896 1107 autem
919 1072 1020 1106 sunt
1037 1065 1149 1106 servi
1167 1078 1277 1119 quos
1295 1063 1486 1118 subjecit
1497 1063 1696 1118 justicia:
1725 1064 1802 1118 Ju-

307 1138 547 1179 sticiavero
562 1136 1063 1190 estqueintenditurper
1073 1149 1130 1186 se,
1141 1136 1279 1188 inqua
1295 1142 1361 1176 est
1377 1135 1494 1177 salus
1508 1135 1802 1176 subditorum.
1825 1146 1864 1180 15

309 1230 449 1270 morali
476 1238 515 1269 et
542 1229 658 1268 civili.
719 1228 923 1268 Naturalis
951 1228 1110 1279 justicia
1130 1229 1294 1267 refertur
1314 1229 1366 1267 ad
1388 1227 1641 1267 creacionem
1663 1228 1807 1270 mundi

309 1294 347 1326 et
386 1284 558 1336 partium
594 1285 691 1335 ejus.
752 1284 890 1325 Civilis
927 1283 1087 1335 justicia
1126 1284 1290 1322 refertur
1328 1284 1380 1322 ad
1417 1283 1616 1333 judicium
1654 1283 1732 1323 Dei
1766 1291 1806 1323 et

308 1341 543 1392 angelorum
565 1340 616 1379 de
637 1340 870 1378 hominibus
892 1347 930 1379 et
950 1340 1001 1378 ad
1016 1338 1218 1389 justiciam
1236 1337 1446 1378 hominum
1469 1338 1571 1377 inter
1592 1351 1647 1378 se.

366 1431 378 1451 ¹
408 1429 536 1478 aliter,
548 1443 653 1468 cum.

371 2829 451 2862 let's
464 2828 581 2870 figure
605 2827 679 2859 does
703 2832 761 2859 not
785 2832 910 2869 appear
932 2827 965 2857 fn
990 2837 1058 2865 any
1074 2824 1177 2856 Lalin
1196 2825 1271 2857 MS
1293 2825 1351 2856 bnt
1373 2825 1402 2855 is
1416 2823 1536 2864 found
1557 2823 1592 2854 s'n
1618 2823 1669 2854 the
1688 2821 1813 2873 Aruliic

321 2883 393 2914 and
407 2881 555 2913 Hebrew.
