1908 3126
195 1825 231 1857 31
254 1827 283 1848 a.

1026 68 1080 111 32

308 187 387 224 que
417 172 671 223 requiruntur
700 171 752 210 ad
782 169 1126 221 composicionem
1156 169 1350 220 integram
1372 169 1474 208 illius
1497 169 1696 210 medicine
1717 184 1795 221 que

308 235 470 267 vocatur
511 227 648 267 Gloria
689 224 986 272 Inestimabilis‚
1028 238 1107 275 que
1149 238 1312 264 omnem
1359 232 1469 263 curat
1514 223 1792 275 egritudinem,

308 283 491 330 calidam,
529 281 723 332 frigidam,
759 279 918 327 siccam,
952 287 991 319 et
1026 280 1246 327 humidam,
1285 279 1386 318 sicut
1417 293 1464 318 ex
1492 279 1794 330 composicione

308 345 416 388 patet
448 337 552 376 bene
583 334 863 382 consideranti,
896 348 976 385 qua
1005 334 1140 373 habita
1170 342 1209 373 et
1239 311 1343 373 bene
1364 341 1571 385 preparata
1591 335 1699 374 nulla
1718 337 1795 375 alia

308 399 367 433 est
388 392 611 431 necessaria
631 403 723 429 cum
746 389 830 440 ipsa
851 402 922 440 pro
944 389 1133 428 omnibus
1154 389 1332 428 sufficiat.
1540 395 1544 402 ’
1646 387 1704 440 (p.
1727 390 1794 443 99>
1814 405 1831 436 5

364 446 712 486 Primamedicina
728 445 927 484 confortat
941 444 1163 491 cer·,eb1um
1179 457 1258 491 cor,
1282 451 1320 483 et
1337 445 1602 482 stomachum.
1636 442 1706 505 (p.
1725 446 1793 498 99>

363 502 549 541 Secunda
589 499 790 539 medicina
828 499 1058 538 conoborat
1097 500 1350 538 stomachum
1391 506 1430 537 et
1469 497 1715 550 constringit,
1756 508 1794 540 et

308 564 451 617 purgat
466 557 592 595 malos
609 562 647 594 et
665 554 846 605 putridos
868 555 1055 593 humores
1072 553 1140 603 qui
1162 561 1254 592 sunt
1275 553 1314 591 in
1336 554 1546 592 stomacho
1567 552 1653 593 sine
1672 555 1795 594 abho-

308 611 535 650 minacione
571 617 609 649 et
640 608 837 649 violencia
866 616 905 648 et
935 608 1020 647 sine
1049 610 1182 659 aliqua
1212 607 1374 655 lesione,
1406 609 1604 647 confortat
1633 607 1795 660 insuper

307 674 460 718 pectus,
484 665 705 711 cerebrum
730 672 768 703 et
789 665 1003 703 cathenam
1025 663 1213 713 corporis.
1620 662 1674 724 (p.
1701 664 1793 717 100)
1816 686 1855 710 10

363 721 571 760 Medicina
592 733 640 770 ..3
674 719 905 759 corroborat
926 718 1061 758 omnia
1083 718 1262 757 membra
1284 726 1321 757 et
1343 718 1514 757 maxime
1535 717 1779 769 principalia.

1616 772 1671 825 <p
1697 773 1791 827 101>

364 830 571 869 Medicina
593 844 640 878 .4.
671 831 782 880 juvat
807 828 1030 879 appetitum
1053 835 1091 866 et
1119 828 1427 866 instrumentum
1454 827 1626 878 pectoris
1652 835 1692 868 et
1712 830 1796 879 pul-

309 899 485 924 monem
1619 881 1673 935 (p.
1700 884 1792 937 101)

362 939 569 980 Medicina
593 952 639 990 .5.
672 939 832 989 expellit
854 937 1146 979 melancoliam
1169 935 1345 976 subtiliat
1366 938 1520 987 flegma,
1539 937 1641 976 tollit
1662 951 1794 989 super·
1814 957 1853 992 15

307 995 405 1033 fluas
426 994 696 1041 humiditates,
721 994 973 1032 stomachum
996 1000 1202 1043 temperat,
1232 993 1358 1042 aperit
1383 990 1730 1043 constipacionem
1755 1002 1793 1033 et

307 1049 466 1101 expellit
487 1048 780 1088 ventositatem.
1619 1047 1674 1100 (p.
1701 1047 1794 1099 102)

363 1104 571 1143 Medicina
595 1106 643 1142 .6.
675 1102 771 1142 lenit
793 1110 931 1153 pectus
952 1109 990 1141 et
1012 1103 1164 1141 confert
1187 1101 1456 1153 respiracioni,
1477 1109 1630 1153 reparat
1651 1110 1796 1142 storna-

307 1161 428 1198 chum
450 1167 489 1198 et
511 1158 665 1209 repellit
686 1159 867 1197 dolorem
889 1158 1091 1196 dencium.
1620 1156 1674 1209 (p.
1701 1157 1794 1211 102)

363 1213 570 1253 Medicina
590 1226 639 1262 .7.
672 1212 829 1263 proprie
850 1219 1003 1262 reparat
1025 1213 1279 1251 stomachum
1300 1219 1337 1251 et
1360 1213 1467 1262 fugat
1488 1212 1780 1252 ventositatem.
1813 1227 1853 1251 20

1625 1266 1679 1319 (p.
1704 1281 1775 1306 102

365 1323 572 1363 Medicina
594 1326 643 1361 .8.
675 1323 864 1362 emendat
884 1335 987 1372 epar,
1019 1330 1170 1371 reparat
1191 1335 1268 1369 cor,
1294 1330 1331 1360 et
1353 1322 1550 1361 confortat
1574 1330 1612 1361 et
1634 1266 1797 1362 roborai

309 1380 491 1418 universa
514 1378 694 1417 membra
715 1376 912 1416 interiora.
1622 1376 1675 1429 (p.
1702 1377 1796 1431 103)

366 1433 573 1472 Medicina
595 1447 643 1482 .9.
677 1446 723 1471 ex
744 1431 826 1471 istis
850 1434 898 1471 .8.
922 1432 1131 1471 medicinis
1152 1431 1340 1482 predictis
1364 1445 1456 1470 cum
1480 1433 1597 1471 melle
1613 1432 1794 1482 predicto

309 1496 348 1528 et
378 1488 621 1538 quibusdam
652 1488 737 1526 aliis
767 1486 913 1526 additis
943 1487 1200 1537 componitur
1231 1499 1309 1537 que
1339 1486 1476 1526 Gloria
1508 1486 1793 1527 Inestimabilis
1812 1500 1850 1533 25

304 1550 568 1593 nuncupatur,
602 1544 715 1593 cujus
745 1542 884 1581 laudes
915 1549 1053 1592 patent
1084 1540 1123 1579 in
1155 1542 1233 1580 fine
1264 1541 1438 1592 capituli,
1461 1549 1500 1580 et
1527 1543 1566 1580 in
1588 1543 1663 1581 hac
1685 1555 1792 1582 nona

303 1605 341 1637 et
355 1597 495 1636 ultima
507 1596 808 1648 composicione
821 1596 945 1647 tangit
960 1596 1223 1646 philosophus
1237 1597 1421 1635 ultimum
1439 1604 1637 1636 secretum
1654 1604 1794 1637 nature

304 1652 336 1691 si
366 1653 621 1700 advertatur;
651 1659 709 1690 set
740 1653 837 1690 illud
868 1653 953 1690 sine
985 1651 1164 1701 diligenti
1195 1650 1329 1690 studio
1357 1660 1395 1690 et
1423 1651 1628 1690 intellectu
1656 1652 1791 1692 subtili

305 1706 558 1757 scienciaque
594 1707 765 1745 maxima
805 1720 885 1745 non
926 1705 1164 1756 percipietur
1196 1707 1278 1744 sive
1316 1707 1640 1756 apprehendetur
1678 1708 1792 1758 cujus

305 1763 492 1801 effectum
515 1769 784 1811 consequetur
805 1760 1133 1811 sapientissimus.
1206 1763 1353 1799 Beatus
1381 1774 1474 1811 ergo
1494 1762 1546 1800 ad
1567 1775 1688 1812 quem
1709 1775 1793 1813 per·
1810 1780 1852 1811 50

305 1818 437 1856 veniet
465 1815 627 1867 capituli
656 1817 923 1867 apprehensio
951 1824 989 1855 et
1016 1817 1103 1854 finis
1132 1816 1135 1867 l
1162 1816 1372 1854 exsecucio
1394 1817 1585 1866 quoniam
1607 1816 1792 1868 princeps

307 1885 398 1911 vere
420 1879 458 1910 et
477 1872 631 1910 mundo
653 1870 851 1910 dominari
873 1870 1017 1922 poterit
1039 1878 1077 1909 et
1098 1870 1319 1910 elementis.
1617 1869 1673 1924 (p.
1699 1871 1791 1924 103)

361 1925 593 1977 Capitulum
616 1957 622 1964 .
630 1940 694 1976 30.
729 1927 780 1965 de
819 1933 999 1975 tempore
1038 1925 1270 1964 flebotomie
1305 1933 1343 1964 et
1384 1925 1671 1965 medicinarum
1711 1933 1792 1965 tarn

306 1980 588 2032 digestivarum
629 1994 749 2031 quam
790 1980 1059 2028 laxativarum,
1101 1981 1407 2019 scarificacionis
1453 1988 1491 2019 et
1535 1988 1792 2020 ventosarum

306 2035 585 2087 apposicionis‚
619 2044 657 2074 et
688 2036 798 2085 quod
832 2035 953 2074 nichil
983 2044 1042 2074 est
1072 2035 1300 2074 faciendum
1331 2035 1416 2078 sine
1443 2034 1611 2074 consilio
1632 2035 1793 2075 scientis
1808 2045 1847 2078 35
1898 2076 1899 2081 ,

306 2090 604 2138 astronomiam,
622 2090 783 2135 scilicet,
799 2103 880 2140 quo
897 2091 1076 2141 tempore
1096 2090 1218 2129 debet
1240 2089 1323 2129 fieri
1339 2090 1497 2141 apercio
1513 2103 1614 2129 vene
1635 2097 1674 2129 et
1694 2090 1792 2141 quid
1898 2089 1900 2107 ³

307 2153 365 2184 est
396 2146 734 2184 considerandum
765 2146 868 2183 circa
902 2144 1011 2192 illud,
1044 2144 1141 2195 quid
1171 2144 1399 2195 eligendum
1428 2144 1526 2195 quid
1553 2146 1791 2193 cavendum,

306 2199 486 2238 similiter
506 2201 556 2238 de
574 2207 754 2250 tempore
775 2198 1081 2238 scarificacionis
1102 2198 1285 2238 faciende
1301 2207 1339 2238 et
1357 2207 1522 2239 ventose
1535 2201 1790 2251 apponende‚

307 2262 345 2293 et
367 2255 417 2293 de
439 2255 546 2293 horis
567 2253 891 2304 competentibus
912 2267 983 2304 pro
1004 2253 1171 2292 laxativa
1193 2255 1399 2301 sumenda,
1423 2261 1462 2293 et
1478 2255 1588 2304 quod
1611 2254 1791 2294 medicus

306 2308 428 2347 debet
450 2308 548 2347 scire
564 2310 652 2347 loca
669 2310 916 2359 planetarum
935 2316 973 2347 et
989 2316 1174 2359 aspectus
1191 2322 1329 2347 eorum
1345 2308 1583 2355 adinvicem,
1599 2316 1637 2348 et
1653 2308 1692 2348 in
1709 2323 1791 2360 quo

305 2363 418 2414 signo
433 2363 547 2402 fuerit
561 2364 629 2402 Sol
644 2371 681 2402 et
692 2362 920 2413 Luna,quia
934 2362 1172 2414 principium
1187 2363 1318 2413 operis
1332 2364 1454 2403 debet
1466 2377 1553 2403 esse
1566 2366 1790 2404 secundum

308 2418 455 2457 bonam
475 2417 829 2457 constellacionem
851 2419 964 2456 Lune
985 2425 1024 2456 et
1045 2419 1130 2468 ejus
1151 2418 1382 2456 absenciam
1399 2432 1422 2457 a
1439 2418 1586 2460 malis..
1620 2417 1675 2471 (p.
1697 2418 1791 2472 108)

362 2473 592 2523 Expliciunt
614 2472 788 2524 capitula
810 2472 930 2523 partis
953 2473 1129 2511 secunde
1151 2480 1189 2511 et
1211 2480 1302 2511 sunt
1324 2472 1492 2523 triginta.

392 2541 587 2590 Mtjizmt
601 2541 771 2591 capilula
783 2542 918 2591 partis
937 2541 1054 2578 tercie&

407 2594 639 2645 Capitulum
666 2594 837 2645 primum
866 2595 985 2645 partis
1011 2596 1131 2634 tercie
1159 2602 1217 2634 est
1239 2596 1289 2635 de
1310 2595 1519 2634 alkimistis
1548 2603 1587 2636 et
1617 2597 1668 2636 de
1698 2610 1790 2637 con-
1808 2608 1848 2643 45
1893 2625 1898 2643 5

306 2648 486 2687 versione
525 2649 738 2699 cujuslibet
772 2649 810 2687 in
846 2649 1068 2700 quodlibet,
1104 2650 1185 2689 sive
1224 2651 1515 2690 elementorum
1549 2650 1787 2700 adinvicem,
1828 2683 1834 2690 .

307 2703 470 2747 scilicet,
495 2703 612 2741 unius
634 2705 822 2743 elementi
845 2706 885 2742 in
907 2706 1074 2744 alterum
1092 2718 1160 2755 per
1181 2711 1317 2743 artem.
1614 2704 1670 2758 (p.
1697 2721 1711 2744 1
1725 2707 1789 2758 14>
