1908 3126
804 124 859 166 53

145 225 210 266 De
245 225 485 267 obediencia
516 224 790 266 subditorum
826 238 930 278 erga
963 238 1107 279 regem
1136 233 1219 279 per
1251 226 1565 268 conversionem

84 308 230 336 eorum
253 294 314 335 ad
330 296 481 349 ipsum.
1583 334 1643 360 The
1657 335 1720 361 four

145 363 184 406 O
208 364 466 406 Alexander
488 363 790 405 obedienciam
808 363 1128 404 dominacionis
1149 363 1232 415 (vel
1257 364 1561 419 dominatoris)
1580 368 1751 430 }ss{3?g³„⁵cssf

86 440 274 486 quatuor
287 433 430 474 modis
446 433 725 481 attendimus,
741 432 904 474 scilicet
922 430 925 486 l
942 432 984 473 in
1002 433 1562 486 religiositate,dileccione‚
1580 447 1620 478 45
1639 437 1670 468 b·

46 519 64 552 5
86 502 342 553 curialitate,
380 510 422 544 et
461 503 716 543 reverencia.
793 502 832 543 O
873 501 1145 554 Alexander,
1181 510 1387 544 converte
1424 504 1479 544 ad
1517 509 1561 544 te
1579 506 1712 575 {333le
1726 509 1824 575 {iffi-0„

84 572 252 614 animas
274 572 563 623 subditorum,
585 571 689 613 tolle
712 571 890 625 injurias
913 577 955 612 et
979 571 1218 624 injusticias
1241 571 1296 612 ab
1321 572 1391 613 eis.
1456 572 1560 614 Noli
1578 575 1712 608 subjects·
1811 574 1814 577 '

84 642 189 682 dare
210 641 463 683 hominibus
485 646 637 682 contra
659 647 704 681 te
728 641 956 682 materiam
981 640 1261 694 obloquendi,
1282 641 1384 695 quia
1406 641 1563 695 vulgus

85 710 191 766 dicit
214 711 330 752 mala
353 712 407 752 de
431 711 525 759 levi,
549 717 593 752 et
615 711 792 764 quando
814 710 870 751 de
890 710 988 764 jure
1012 715 1160 763 potest
1185 710 1341 762 dicere,
1364 711 1419 751 de
1446 710 1563 753 facto
1587 763 1591 767 .

82 779 236 821 leviter
256 787 402 835 potest
425 780 578 821 facere.
643 779 833 821 Contine
865 787 911 820 te
943 793 1048 833 ergo
1081 779 1142 820 ita
1175 785 1222 820 ut
1256 779 1387 821 nichil
1411 787 1563 822 contra

22 865 63 889 10
80 855 124 890 te
146 849 285 904 possit
318 849 471 897 dicere,
495 856 538 891 et
568 863 645 903 per
667 850 751 891 hoc
774 849 961 892 evitabis
984 863 1133 891 eorum
1160 849 1308 891 facere.
1376 850 1562 904 Insuper

80 919 192 960 scias
231 921 351 973 quod
394 919 603 961 discrecio
647 919 913 960 maturitatis
955 925 1021 960 est
1063 919 1201 973 gloria
1239 919 1482 972 dignitatis,
1518 926 1561 960 et

78 989 325 1030 reverencia
361 989 530 1030 domini
568 995 632 1030 est
671 989 892 1030 exaltacio
931 988 1044 1042 regis
1081 995 1124 1029 et
1168 988 1299 1042 regni.
1375 986 1560 1030 Summa
1578 999 1846 1029 Ratherbeseared

79 1057 210 1111 igitur
244 1059 483 1112 prudencia
521 1064 586 1100 est
621 1065 663 1099 et
698 1058 979 1113 providencia
1017 1056 1265 1108 laudabilis,
1298 1064 1346 1100 ut
1382 1063 1458 1099 tua
1493 1071 1558 1099 re-
1577 1034 1646 1061 than
1660 1035 1752 1062 Ioved'

76 1128 274 1169 verencia
317 1128 540 1170 cohabitet
583 1129 624 1169 in
668 1128 874 1169 cordibus
917 1127 1196 1168 subditorum
1241 1127 1381 1181 magis
1424 1140 1557 1180 quam

18 1205 56 1240 Ῐ5
77 1196 273 1238 dileccio.

138 1304 385 1360 Capitulum
410 1307 489 1346 .16.
512 1306 562 1346 de
582 1305 902 1359 covqmmcione
923 1307 1038 1359 regis
1053 1306 1113 1347 ad
1120 1306 1324 1359 pluviam
1347 1312 1390 1346 et
1411 1313 1557 1347 ventos

73 1383 116 1416 et
135 1375 324 1428 hyemem
345 1383 386 1417 et
405 1382 594 1417 estatem.

139 1467 297 1523 Egitur
328 1469 445 1523 quod
478 1481 558 1509 rex
591 1475 656 1509 est
691 1469 732 1508 in
762 1481 894 1522 regno
917 1469 1028 1509 sicut
1062 1468 1211 1522 pluvia
1241 1469 1281 1509 in
1314 1474 1440 1516 terra,
1468 1482 1554 1521 que
1574 1480 1727 1518 izingsare

190 1544 256 1579 est
291 1538 375 1579 Dei
409 1539 569 1592 gracia,
601 1537 680 1579 celi
712 1538 984 1589 benediccio‚
1020 1544 1134 1579 terre
1166 1538 1269 1588 vita,
1304 1537 1550 1578 vivencium
1571 1514 1788 1580 igissioedmth‘

13 1605 374 1660 aojuvamentum
414 1615 456 1649 et
491 1608 827 1658 munimentum,
860 1608 963 1661 quia
1000 1622 1076 1661 per
1113 1608 1307 1662 pluviam
1344 1606 1550 1660 paratur1

73 1675 154 1718 iter
177 1677 506 1728 mercatoribus,
529 1677 743 1718 auxilium
768 1677 1075 1719 edificantibus
1098 1685 1141 1719 et
1165 1677 1390 1719 solacium.
1465 1677 1551 1718 At·
1570 1681 1746 1746 Xffcicfflsse?
1764 1683 1844 1716 good

73 1753 222 1787 tamen
260 1747 302 1788 in
335 1747 496 1801 pluviis
532 1753 635 1788 sunt
671 1747 781 1788 aeris
812 1748 1019 1796 tonitrua,
1057 1753 1100 1788 et
1131 1746 1135 1801 Ῑ
1164 1746 1345 1788 fulmina
1377 1746 1551 1800 cadunt,
1571 1761 1613 1802 46
1631 1773 1661 1795 a.

71 1814 288 1858 inundant
321 1816 514 1867 flumina,
533 1823 748 1858 torrentes
780 1817 1088 1865 intumescunt,
1123 1816 1288 1857 furiunt
1323 1816 1471 1867 maria,
1505 1822 1550 1857 et

70 1885 210 1927 multa
241 1885 328 1928 alia
361 1886 476 1928 mala
509 1887 730 1937 eveniunt,
754 1900 831 1940 per
860 1900 946 1940 que
970 1886 1109 1927 multa
1132 1886 1329 1927 vivencia
1351 1892 1549 1940 pereunt.

9 1970 49 2003 25
69 1953 420 2011 Verumptamen
451 1956 699 1998 accidencia
722 1956 838 1997 mala
860 1969 946 1997 non
970 1956 1217 2009 impediunt
1240 1956 1344 2010 quin
1367 1955 1548 1996 laudent
1568 1966 1806 2027 &uffan—thani<

69 2024 267 2067 homines
295 2026 436 2067 Deum
470 2026 711 2080 gloriosum
745 2026 787 2066 in
820 2041 897 2067 sua
930 2032 1189 2081 magestate,
1223 2026 1549 2066 considerantes
1596 2010 1612 2028 ⁰
1658 2008 1731 2033 ΟΜ

69 2094 194 2148 signa
225 2108 301 2136 sue
331 2095 478 2150 gracie
510 2097 628 2137 dona
663 2096 966 2146 misericordie,
991 2096 1093 2149 quia
1127 2109 1204 2149 per
1226 2095 1418 2149 pluviam
1442 2093 1547 2135 vivi-

70 2162 465 2213 ficant'nascencia,
488 2165 754 2219 vegetabilia
787 2164 1018 2219 pullulant,
1040 2171 1084 2206 et
1116 2165 1281 2206 cunctis
1313 2164 1546 2205 virtutibus
1582 2160 1584 2162 ’

68 2231 314 2276 infunditur
349 2235 616 2276 benediccio.
682 2235 741 2276 Et
784 2235 884 2276 ideo
922 2235 1110 2276 referunt
1152 2234 1352 2275 homines
1394 2233 1545 2275 laudes
1563 2244 1619 2271 and
1634 2244 1798 2283 sorgetany

7 2312 49 2346 30
69 2300 184 2354 Deo,
205 2310 249 2345 et
271 2303 588 2346 obliviscuntur
611 2305 726 2346 mala
749 2305 958 2358 preterita
981 2317 1065 2358 que
1087 2309 1445 2358 supervenerunt.
1564 2279 1645 2305 barm
1659 2285 1679 2305 n
1693 2287 1792 2306 caum

125 2371 184 2413 Et
226 2373 484 2428 exemplum
528 2375 641 2428 regis
682 2374 883 2415 convenit
921 2373 1131 2427 exemplo
1169 2379 1397 2414 ventorum
1435 2385 1545 2426 quos

119 2502 130 2522 ¹
162 2511 200 2542 et
232 2504 419 2555 precipue
451 2504 491 2543 in
525 2504 635 2544 terris
675 2504 813 2544 calidis
853 2512 891 2543 et
927 2512 1107 2555 tempore
1131 2504 1274 2552 calido,
1311 2503 1352 2542 ut
1386 2504 1543 2542 valeant

68 2565 220 2596 mutare
241 2559 327 2597 loca
356 2571 426 2610 per
457 2559 752 2610 mitigacionem
775 2559 916 2598 caloris
942 2559 980 2597 in
1013 2559 1123 2598 omni
1154 2561 1254 2607 loco,
1279 2559 1338 2598 vel
1370 2558 1542 2598 intendit

66 2620 226 2668 propter
246 2613 547 2664 navigacionem
569 2622 736 2653 tantum.

111 2755 126 2775 ι
151 2745 303 2785 Chapter
319 2747 390 2777 xxi.
415 2747 449 2777 V.
680 2749 718 2778 16
742 2747 895 2786 Chapter
911 2746 992 2778 xxii.
1016 2745 1052 2778 V.
