1908 3126
813 119 866 162 33

155 220 384 271 Capitulum
401 234 455 266 ,.2.
487 220 538 259 de
555 219 800 258 mirabilibus
823 220 1022 270 lapidibus
1043 229 1082 260 et
1103 234 1240 260 eorum
1258 223 1575 273 proprietatibus

1403 276 1458 329 <1)-
1486 292 1500 316 1
1514 276 1578 329 18>

155 329 384 379 Capitulum
408 342 457 378 ..3
490 329 540 367 de
560 327 733 377 generali
754 328 835 367 sive
863 328 1074 368 universali
1095 330 1330 380 cognicione
1350 332 1573 381 plantarum

100 383 336 423 mirabilium
360 391 399 422 et
415 396 493 433 que
514 384 712 421 elementa
725 383 1012 422 dominantur
1004 398 1043 422 111
1061 386 1204 434 plantis
1220 398 1299 434 que
1320 386 1358 424 in
1381 387 1575 424 minerali

62 454 79 485 5
100 439 184 485 bus,
207 437 276 488 qui
296 439 454 488 planete
474 436 731 476 dominantur
748 437 954 476 elementis
976 446 1014 477 et
1035 438 1202 488 qualiter
1222 447 1485 489 cognoscetur
1506 440 1573 490 qui

99 494 256 543 planete
294 491 440 542 quibus
471 491 758 542 vegetabilibus
792 491 1060 540 dominantur,
1099 501 1137 532 et
1171 507 1194 531 a
1228 493 1373 543 quibus
1406 495 1575 544 planetis

97 547 280 586 virtutem
301 545 512 596 accipiunt.
1399 547 1454 600 (p.
1484 562 1497 586 1
1510 549 1576 600 19)

152 601 383 651 Capitulum
407 614 454 648 .4.
487 601 538 639 de
559 599 703 662 plantis
725 599 1004 639 mirabilibus
996 614 1034 639 111
1057 601 1230 652 speciali.
1400 601 1585 654 (11121)Ι

152 655 383 706 Capitulum
406 666 454 705 ..5
486 655 537 693 de
555 654 712 705 justicia
729 662 767 692 et
789 654 1034 694 mirabilibus
1053 656 1168 695 bonis
1186 669 1263 705 que
1281 665 1472 707 sequntur
1492 657 1573 696 sive

44 727 81 749 10
99 718 314 749 nascuntur
334 724 380 748 ex
402 709 497 759 ipsa.
1400 709 1455 762 <p
1484 712 1575 764 123>

151 764 381 814 Capitulum
405 766 453 802 ..6
485 765 535 802 de
557 765 696 803 exertis
718 765 757 802 in
778 763 925 813 quibus
945 765 1163 803 attenditur
1187 765 1345 815 justicia
1371 766 1570 813 naturalis,

96 819 259 867 scilicet,
290 819 341 858 de
375 818 603 857 substancia
637 818 806 869 simplici
841 826 879 856 et
914 820 1037 868 speris
1070 827 1107 857 et
1146 819 1364 867 elementis,
1401 819 1482 859 sive
1521 822 1571 859 (16

97 850 341 912 mirabilibus
383 872 600 911 creacionis
642 872 850 923 operibus.
877 874 917 910 in
962 872 1108 922 quibus
1154 875 1371 913 attenditur
1414 875 1571 924 justicia

95 927 292 975 naturalis,
316 935 355 966 et
375 935 473 978 quot
495 935 586 966 sunt
603 927 688 966 celi.
1395 928 1450 980 <p
1479 943 1520 967 12
1532 930 1570 980 7)

42 996 76 1027 15
148 959 378 1033 Capitulum
399 994 449 1030 ..7
479 983 589 1032 quod
610 983 743 1020 anima
763 982 975 1042 cujuslibet
1002 981 1130 1032 primo
1157 983 1279 1021 debet
1306 981 1395 1021 sciri
1422 996 1446 1021 a
1476 996 1569 1033 quo·
1605 1025 1611 1031 ,

84 1037 189 1083 >libet
209 1045 248 1076 et
279 1038 330 1076 de
350 1035 545 1075 divisione
566 1038 752 1075 virtutum
781 1035 914 1075 anime
934 1044 972 1075 et
993 1037 1044 1076 de
1065 1036 1323 1087 regiminibus
1344 1045 1383 1076 et
1403 1037 1569 1076 statibus

92 1093 224 1130 anime
245 1092 284 1129 in
305 1093 381 1130 hac
401 1092 480 1129 vita
500 1099 538 1130 et
560 1092 698 1130 futura.
1396 1089 1453 1143 (p.
1480 1092 1573 1144 130)

147 1145 376 1196 Capitulum
400 1148 447 1183 .8.
479 1147 529 1184 de
565 1157 611 1196 .5.
645 1147 827 1184 sensibus
857 1145 1118 1184 servientibus
1147 1145 1378 1194 intellectui,
1408 1145 1489 1184 sive
1519 1148 1570 1185 de

94 1201 256 1239 homine
285 1208 324 1239 et
354 1202 439 1250 ejus
471 1212 518 1249 .5.
551 1199 734 1239 sensibus
765 1199 876 1251 quasi
904 1201 955 1238 de
976 1214 1065 1250 rege
1086 1207 1124 1238 et
1146 1201 1230 1250 ejus
1249 1212 1301 1250 .5.
1323 1200 1466 1250 bajulis
1488 1201 1569 1239 sive

38 1275 78 1297 20
92 1254 333 1302 consiliariis,
363 1263 400 1293 et
431 1262 529 1304 quot
559 1263 649 1293 sunt
679 1256 836 1304 planete
866 1267 1036 1304 quorum
1068 1268 1181 1305 spere
1207 1262 1420 1294 moventur
1447 1254 1570 1294 circu-

92 1308 233 1356 lariter,
255 1317 293 1348 et
317 1317 414 1360 quot
445 1316 536 1347 sunt
566 1322 710 1359 genera
737 1310 981 1357 animalium,
1003 1316 1040 1348 et
1069 1310 1178 1360 quod
1204 1310 1382 1360 quinque
1409 1317 1500 1347 sunt
1528 1309 1567 1348 in

93 1363 270 1414 qualibet
297 1365 441 1414 planta,
472 1371 510 1402 et
538 1365 716 1413 quinque
745 1365 826 1402 toni
858 1362 1077 1411 musicales,
1101 1371 1139 1402 et
1160 1376 1209 1414 .5.
1233 1363 1317 1403 dies
1339 1363 1493 1402 nobiles
1515 1365 1566 1402 de

93 1418 294 1466 universis,
318 1426 356 1457 et
377 1430 426 1468 .5.
448 1425 560 1468 porte
582 1419 710 1457 maris.
1391 1416 1446 1468 (p.
1474 1417 1567 1470 132>

146 1473 376 1524 Capitulum
400 1488 448 1522 .9.
481 1474 531 1511 de
562 1472 794 1511 consiliariis
823 1473 923 1523 regis
954 1479 992 1510 et
1022 1473 1144 1511 modo
1172 1470 1176 1523 1
1202 1471 1369 1519 consilii,
1396 1479 1434 1511 et
1455 1473 1565 1522 quod
1586 1498 1602 1513 .‚

35 1543 72 1576 ²5
92 1540 171 1566 non
202 1527 427 1566 manifestet
456 1527 573 1565 alicui
604 1534 799 1566 secretum
829 1528 940 1577 quod
971 1534 1030 1565 est
1057 1526 1096 1564 in
1127 1527 1246 1566 corde
1276 1540 1360 1572 suo,
1391 1535 1429 1564 et
1453 1528 1564 1577 quod

90 1583 268 1621 attendat
305 1581 346 1620 in
386 1595 467 1632 quo
499 1595 639 1620 omnes
674 1589 712 1620 et
746 1581 946 1632 sapientes
978 1580 1234 1628 conveniunt,
1269 1589 1307 1619 et
1338 1581 1448 1631 quod
1482 1594 1563 1619 non

90 1637 274 1675 ostendat
295 1636 350 1675 eis
371 1638 432 1676 vel
452 1635 569 1675 alicui
591 1637 630 1674 in
644 1649 852 1687 quomens
869 1649 939 1674 sua
952 1635 1120 1686 quiescit
1140 1636 1270 1674 donec
1293 1634 1565 1685 progrediatur

89 1691 129 1729 in
141 1693 274 1729 actum
292 1699 329 1730 et
343 1690 645 1741 experienciam,
655 1698 693 1730 et
710 1692 820 1741 quod
833 1690 986 1741 equalis
1000 1691 1127 1729 honor
1142 1690 1263 1729 debet
1278 1689 1359 1728 fieri
1376 1689 1563 1728 omnibus

89 1744 169 1784 suis
189 1745 434 1784 consiliariis.
1388 1744 1441 1795 <p.
1471 1758 1484 1781 1
1494 1758 1515 1793 3
1523 1745 1562 1796 5)

31 1815 72 1846 30
143 1799 372 1850 Capitulum
389 1814 461 1838 .10.
485 1801 535 1839 de
557 1799 744 1839 varietate
764 1798 1054 1850 complexionis
1070 1807 1108 1837 et
1131 1812 1284 1837 morum
1307 1812 1376 1849 per
1396 1800 1563 1837 constel-

87 1855 283 1893 lacionem
315 1854 539 1901 nativitatis,
561 1854 642 1893 sive
669 1855 720 1893 dc
750 1855 937 1893 varietate
962 1853 1100 1903 judicii
1129 1860 1168 1892 et
1189 1853 1344 1892 consilii
1365 1861 1402 1891 et
1424 1867 1563 1891 consu-

87 1909 258 1948 lencium
293 1918 330 1948 et
362 1910 564 1948 eleccione
596 1922 733 1947 eorum
765 1921 834 1959 per
860 1907 1191 1947 constellaciones
1222 1908 1259 1946 in
1292 1907 1563 1946 natixitatibus

88 1963 167 2002 suis
184 1977 262 2014 que
282 1965 568 2002 confirmantur
589 1977 657 2014 per
678 1965 811 2013 pulcra
833 1964 1024 2013 exempla.
1387 1960 1562 2022 (p.136>

141 2018 400 2069 Capitulum.
412 2032 470 2057 11.
501 2019 634 2057 adhuc
663 2019 714 2057 de
744 2019 947 2056 eleccione
976 2015 1279 2056 consulencium
1308 2024 1345 2054 et
1372 2018 1423 2055 (16
1448 2016 1561 2054 variis

28 2086 67 2119 35
85 2071 258 2111 articulis
285 2086 421 2112 eorum
449 2079 488 2111 et
515 2072 784 2120 consiliorum,
807 2073 888 2111 sive
915 2072 966 2111 de
993 2070 1219 2110 consiliario
1246 2070 1431 2120 eligendo
1453 2079 1491 2109 et
1511 2071 1562 2109 de

86 2126 281 2166 consilio'
272 2141 313 2165 111
334 2126 521 2166 omnibus
542 2128 699 2177 agendo
720 2134 759 2166 et
779 2126 1057 2177 perquirendo,
1087 2134 1124 2163 et
1145 2126 1195 2164 de
1224 2126 1346 2164 modo
1368 2126 1559 2174 querendi

86 2181 296 2220 consilium
318 2195 340 2220 a
362 2181 494 2220 multis
516 2190 555 2220 et
576 2181 672 2231 quid
693 2189 752 2220 est
772 2181 995 2220 consilium.
1387 2178 1442 2230 (p.
1470 2178 1562 2231 137)

140 2235 370 2286 Capitulum
391 2250 468 2274 .12.
500 2237 551 2275 de
572 2249 738 2275 numero
759 2235 984 2285 bajulorum
1006 2242 1044 2273 et
1065 2234 1175 2285 quod
1196 2247 1276 2272 non
1298 2233 1561 2272 constituatur

85 2304 186 2330 unus
211 2291 318 2330 solus
338 2290 530 2340 bajulus
522 2305 563 2329 111
589 2290 780 2341 regimine
808 2291 897 2329 loco
923 2288 1088 2337 domini,
1111 2295 1170 2327 set
1191 2295 1343 2339 septem
1364 2289 1396 2326 si
1418 2289 1561 2338 poterit

26 2366 68 2398 40
85 2344 167 2383 fieri
188 2346 249 2384 vel
270 2353 347 2384 tres
367 2346 418 2384 ad
446 2344 577 2383 minus
599 2345 843 2392 ordinentur,
868 2352 905 2383 et
926 2345 977 2382 de
999 2343 1142 2393 bajulis
1164 2341 1424 2393 experiendis‚
1448 2350 1487 2381 et
1507 2343 1558 2381 de

85 2398 204 2450 signis
225 2399 371 2450 quibus
392 2408 688 2450 cognoscuntur
708 2413 758 2438 an
779 2376 876 2438 bo’ni
897 2399 958 2437 vel
979 2397 1072 2436 mali
1093 2397 1170 2436 sint
1190 2395 1414 2436 consiliarii

1385 2449 1439 2502 (1)
1466 2450 1559 2502 Ι39)

137 2508 367 2559 Capitulum
389 2521 465 2559 .13.
497 2509 549 2548 de
569 2508 685 2547 bonis
707 2507 884 2546 moribus
905 2514 944 2546 et
964 2506 1175 2545 virtutib'us
1194 2504 1291 2544 boni
1319 2505 1453 2555 bajuli,
1476 2504 1558 2544 sive

82 2563 133 2602 de
155 2574 230 2613 .15.
252 2562 490 2623 specialibus
505 2562 811 2602 condicionibus
834 2560 928 2600 boni
945 2568 983 2600 et
999 2560 1140 2611 optimi
1156 2559 1279 2610 bajuli
1299 2573 1370 2610 pro
1386 2559 1556 2610 regibus,

22 2633 62 2665 45
81 2624 119 2656 et
139 2618 190 2656 de
210 2616 359 2656 naturis
381 2625 418 2656 et
438 2617 746 2657 condicionibus
767 2615 895 2663 bonis,
918 2622 957 2655 et
977 2616 1088 2665 quod
1116 2627 1203 2654 mos
1223 2615 1285 2653 vel
1305 2615 1557 2674 consuetudo

81 2670 162 2710 sive
193 2671 396 2722 proprium
427 2671 642 2722 cujuslibet
674 2670 856 2710 animalis
888 2677 926 2709 et
951 2668 1164 2720 quuslibet
1197 2667 1253 2708 rei
1287 2667 1485 2708 invenitur
1516 2667 1556 2706 in

49 2726 254 2773 ·h0mine‚
283 2734 322 2765 et
348 2727 458 2776 quod
487 2727 562 2765 hac
583 2727 634 2766 de
655 2739 774 2765 causa
804 2732 966 2764 vocatus
995 2731 1054 2763 est
1074 2724 1199 2762 homo
1219 2724 1349 2762 minor
1369 2723 1555 2769 mundus,

145 2825 205 2847 15⁹0
804 2812 836 2843 D
