1908 3126
184 375 220 399 11
240 368 272 400 b.

1013 49 1068 90 24

291 155 531 196 comestibili
565 156 627 195 vel
660 154 829 206 potabili
857 155 1095 194 reducerent
1123 155 1325 193 elementa
1351 154 1406 193 ad
1433 153 1693 206 equalitatem
1724 156 1787 194 vel

293 237 428 275 prope,
451 232 490 263 et
511 224 737 262 docuerunt
757 223 841 262 vias
860 223 913 262 ad
933 223 1024 262 hoc.
1083 223 1153 262 Set
1181 229 1343 274 propter
1371 221 1647 271 difficultatem
1674 223 1787 262 istius

293 290 544 342 experiencie
583 289 810 338 maximam,
849 296 935 328 tum
971 287 1065 340 quia
1103 288 1223 340 pauci
1256 296 1398 328 curant
1436 290 1489 329 de
1515 287 1786 341 experienda,

293 357 386 408 quia
406 357 614 408 multiplex
643 363 703 395 est
731 355 735 407 Ι
760 353 817 395 ibi
846 355 960 395 labor
990 363 1030 395 et
1061 369 1326 407 expensarum
1357 369 1504 407 magna
1533 353 1687 402 effusio,
1711 367 1788 394 nec

292 425 506 463 advertunt
535 421 722 462 homines
751 431 893 461 nature
922 430 1076 461 secreta
1104 430 1144 462 et
1170 421 1264 462 artis
1291 421 1511 474 possibilia,
1532 423 1627 470 ideo
1640 420 1789 460 accidit
1805 431 1824 464 5

294 491 404 541 quod
426 488 657 541 paucissimi
677 489 960 529 laboraverunt
991 488 1033 528 in
1057 489 1292 540 hujusmodi
1311 490 1577 529 archanorum
1599 487 1787 537 maximo,

294 564 333 596 et
353 555 562 606 pauciores
583 563 777 594 venerunt
805 556 859 595 ad
890 556 1011 595 finem
1039 555 1298 595 laudabilem.
1341 555 1479 612 ‘Multi
1508 563 1645 595 tamen
1673 567 1791 595 vene-

295 630 385 661 runt
417 621 520 678 sicut
551 621 592 660 in
625 620 808 661 Sciencia
840 621 1155 673 Experimentali
1189 621 1286 662 alibi
1318 621 1561 673 scripsimus,
1593 630 1633 661 et
1662 635 1791 661 unum

294 688 544 739 temporibus
581 689 727 727 nostris
765 687 952 737 vidimus,
983 696 1023 727 et
1060 687 1262 728 credimus
1300 689 1412 739 quod
1445 689 1579 728 adhuc
1609 687 1716 727 vivat
1749 687 1790 727 in

298 753 526 801 Almannia,
549 762 588 793 et
609 754 731 794 habet
751 753 900 794 litteras
920 755 1084 806 papales
1104 753 1146 792 in
1166 753 1443 794 testimonium
1459 767 1531 794 sue
1550 755 1678 793 etatis.
1738 755 1792 794 Et
1811 769 1826 792 1

298 819 519 860 consimilis
539 821 706 860 effectus
727 828 896 871 possunt
917 820 1002 860 fieri
1021 828 1228 871 unguenta
1248 828 1287 860 et
1314 821 1520 871 pociones,
1542 828 1582 860 et
1603 821 1676 859 ista
1696 833 1790 859 cum

297 886 415 926 dictis
436 886 477 925 in
498 886 611 926 litera
630 886 836 926 intellectu
856 886 1083 938 vigentibus
1105 887 1308 925 sufficiunt
1327 888 1380 926 ad
1401 899 1575 937 presens.

354 952 528 1004 Explicit
545 961 746 992 tractatus.

346 1065 672 1097 Nora—Between
702 1065 772 1096 this
800 1071 887 1097 tract
912 1066 979 1097 and
1006 1066 1066 1097 the
1091 1065 1273 1098 Secretum
1303 1065 1522 1097 Secretorum
1548 1076 1568 1097 a
1591 1066 1739 1097 number
1759 1065 1798 1098 of

299 1124 451 1151 extracts
475 1118 563 1149 from
589 1119 648 1149 the
674 1118 770 1160 Opus
796 1118 945 1149 Tertium
969 1119 1098 1157 follow,
1116 1118 1156 1150 of
1172 1119 1289 1150 which
1312 1119 1372 1150 the
1394 1118 1577 1159 following
1599 1124 1745 1150 account
1763 1119 1793 1151 is

298 1173 404 1212 given
419 1171 466 1211 by
483 1171 662 1202 Professor
680 1171 783 1202 Little
799 1172 834 1202 in
852 1172 908 1202 his
923 1171 1064 1204 edition.
1794 1163 1805 1174 ⁰

345 1225 397 1265 (2)
424 1224 511 1255 Item
541 1224 728 1265 capitulum
755 1229 947 1256 extractum
973 1225 1017 1256 de
1041 1226 1187 1266 quodam
1212 1235 1320 1266 opere
1343 1225 1434 1266 quod
1462 1225 1543 1257 fecit
1571 1225 1661 1257 idem
1689 1225 1795 1257 frater

303 1277 462 1317 Rogerus
480 1277 600 1309 Bacun
625 1277 669 1308 de
690 1277 814 1309 ordine
835 1278 1006 1309 minorum
1032 1278 1076 1309 ad
1100 1277 1298 1309 mandatum
1321 1288 1411 1319 pape
1434 1283 1468 1310 et
1484 1278 1576 1310 valet
1595 1278 1638 1310 ad
1655 1279 1795 1319 exposi-

301 1331 435 1362 cionem
463 1330 630 1362 dictorum
659 1336 693 1362 et
726 1331 952 1362 dicendorum
978 1331 1011 1362 in
1040 1336 1150 1364 textu.
1201 1331 1388 1372 ‘Sequitur
1412 1332 1456 1363 de
1484 1331 1636 1363 sciencia
1661 1331 1796 1372 experi-

303 1383 466 1416 mentali.
485 1407 493 1415 .
513 1408 520 1415 .
539 1383 628 1414 sicut
653 1394 737 1415 aves
764 1384 963 1416 inviscatas.
1016 1383 1186 1426 Explicit‘
1214 1384 1286 1421 [fol.
1313 1384 1421 1426 628¹)
1450 1384 1524 1426 [pp.
1550 1394 1674 1425 43-54,
1699 1383 1797 1426 opus

308 1437 472 1477 Tertium,
491 1437 544 1468 ed.
565 1436 698 1478 Littlej.
1447 1477 1450 1480 .
1895 1479 1897 1483 .

348 1490 400 1531 (3)
425 1490 511 1520 Item
537 1490 624 1522 bene
651 1496 732 1531 post
760 1491 792 1521 in
823 1491 947 1522 eodem
976 1491 1065 1522 libro
1091 1491 1197 1523 dicit:
1230 1491 1388 1522 ‘Deinde
1417 1490 1564 1531 cogitavi
1590 1500 1677 1531 opus
1703 1490 1796 1522 aliud
1845 1495 1849 1506 '·
1892 1495 1898 1511 ”

304 1542 442 1574 mittere
457 1567 465 1575 .
480 1567 488 1574 .
504 1565 511 1574 .
526 1550 561 1574 et
574 1543 621 1575 sic
636 1543 842 1575 terminatur
858 1544 1011 1576 intencio
1027 1545 1144 1585 operis
1161 1543 1339 1584 utriusque
1357 1549 1392 1576 et
1408 1544 1456 1576 sic
1473 1543 1635 1585 explicit?
1654 1543 1728 1585 (sol.
1744 1544 1793 1583 8¹)

304 1597 378 1639 [pp-
399 1596 513 1639 77-9]·

349 1651 398 1690 (4⁸
420 1649 506 1681 Item
523 1649 614 1681 aliud
632 1650 816 1691 capitulum
833 1652 988 1691 ejusdem
1005 1651 1122 1683 fratris
1141 1651 1272 1692 Rogeri
1290 1650 1407 1683 Bacun
1425 1651 1469 1682 de
1486 1651 1609 1682 ordine
1625 1650 1797 1682 minorum

305 1704 348 1733 de
365 1707 536 1743 potestate
553 1703 650 1734 verbi
673 1708 708 1734 et
729 1703 812 1735 illud
836 1705 1021 1745 capitulum
1045 1709 1099 1735 est
1120 1709 1312 1736 extractum
1337 1704 1380 1734 de
1402 1703 1515 1744 prima
1537 1707 1636 1744 parte
1659 1703 1799 1742 majoris

307 1756 424 1796 operis
440 1757 530 1797 quod
548 1756 629 1788 secit
642 1757 684 1788 ad
699 1758 896 1789 mandatum
911 1768 1000 1799 pape
1014 1757 1218 1790 Clementis.
1259 1758 1267 1775 ‘
1281 1757 1415 1788 Deinde
1429 1766 1591 1797 comparo
1604 1756 1798 1797 linguarum

309 1810 491 1841 utilitatem
509 1811 552 1842 ad
570 1810 752 1842 ecclesiam
771 1811 834 1843 Dei
853 1836 861 1844 .
882 1836 890 1843 .
911 1837 918 1844 .
936 1812 1017 1852 quia
1034 1816 1157 1843 natura
1179 1817 1234 1843 est
1255 1811 1523 1842 instrumentum
1540 1810 1658 1842 divine
1676 1820 1799 1851 opera-

308 1863 426 1895 cionis.
475 1863 627 1904 Explicit
650 1864 855 1905 capitulum’
877 1864 950 1906 (sol.
968 1866 1076 1906 8““-9““)
1097 1864 1214 1908 [Opus
1235 1863 1397 1896 Tertium.
1417 1873 1490 1904 cap.
1509 1865 1614 1902 xxvi3
1639 1863 1795 1904 Brewer,

305 1927 363 1957 pp·
381 1916 544 1958 95-100]·

353 1970 406 2010 (5)
422 1970 507 2002 Item
520 1970 612 2002 aliud
623 1971 812 2012 capitulum
825 1972 980 2012 ejusdem
994 1971 1108 2003 fratris
1122 1970 1253 2011 Rogeri
1267 1971 1310 2002 de
1324 1971 1444 2002 eadem
1459 1969 1611 2001 materia.
1654 1971 1662 1986 ‘
1673 1968 1799 2002 Vestre

311 2023 404 2065 [MS.
434 2023 576 2066 Nestre]
610 2025 775 2065 peticioni
808 2026 1006 2066 respondeo
1038 2025 1224 2064 diligenter
1246 2047 1255 2056 .
1283 2049 1291 2056 .
1316 2048 1323 2055 .
1348 2023 1580 2063 inflammatur
1603 2028 1638 2054 et
1662 2022 1798 2054 lucent’

308 2077 382 2115 (sol.
396 2079 528 2119 9f-11f)
545 2077 717 2119 [Epistola
734 2079 776 2109 de
793 2079 939 2110 secretis
951 2078 1116 2119 operibus
1131 2077 1215 2109 artis
1232 2083 1266 2109 et
1283 2082 1438 2117 naturae,
1458 2085 1561 2116 capp.
1576 2075 1644 2114 i-v,
1656 2075 1724 2107 and
1740 2075 1800 2107 the

310 2130 384 2161 first
400 2129 490 2162 lines
507 2129 545 2161 os
557 2140 632 2171 cap.
653 2130 709 2169 νίς
735 2131 891 2171 Brewer,
912 2141 970 2172 pp.
988 2129 1150 2172 523—36].

355 2184 405 2222 (6‘
435 2182 522 2214 Item
548 2184 653 2214 frater
678 2184 840 2224 Rogerus
865 2184 984 2216 Bacun
1010 2184 1043 2215 in
1069 2176 1310 2223 tercio'opere
1334 2182 1384 2214 sic
1408 2181 1514 2213 dicit:
1545 2181 1606 2213 sed
1631 2181 1722 2222 quod
1745 2180 1801 2212 hic

311 2236 473 2267 scribitur
494 2246 603 2277 usque
627 2238 669 2268 ad
694 2238 948 2278 perspectivam
972 2248 1039 2269 non
1067 2242 1120 2269 est
1142 2237 1176 2267 in
1203 2236 1322 2276 majori
1345 2245 1462 2276 opere,
1488 2235 1550 2267 sed
1579 2239 1694 2266 tamen
1718 2234 1801 2267 illud

315 2289 404 2320 idem
429 2289 463 2320 in
488 2291 641 2321 secundo
673 2301 779 2331 opere
811 2291 920 2323 lacius
951 2291 1148 2323 continetur
1170 2294 1206 2321 et
1228 2289 1329 2321 aliter
1352 2287 1553 2330 explicatur.
1606 2287 1711 2320 ‘Post
1738 2288 1803 2321 hec

312 2342 469 2383 sequitur
493 2344 653 2384 operacio
679 2345 923 2376 mathematice
947 2345 990 2376 ad
1016 2354 1088 2376 rem
1120 2343 1290 2384 publicam
1316 2366 1324 2374 .
1352 2366 1360 2374 .
1387 2366 1395 2374 .
1423 2341 1568 2373 veniunt
1592 2339 1799 2373 Christiani’
1847 2351 1851 2353 “

310 2395 382 2435 (Γοί.
406 2398 555 2438 ῐῙΓ-ι3““)
577 2397 651 2439 [pp.
674 2397 785 2439 1⁴9]-
