1908 3126
1021 47 1102 97 148

18 182 226 224 ememus-am·
312 163 597 219 perpenderis
624 163 860 206 sollicitum
894 169 938 204 et
969 168 1192 204 attentum
1223 161 1405 216 pecunie
1432 161 1705 215 adquirende
1732 162 1800 203 vel
1891 202 1893 224 1

19 211 179 239 mmor*
312 234 557 289 colligende
597 235 652 276 de
690 233 798 276 locis
833 235 890 276 ad
927 247 1013 287 que
1047 232 1249 282 mittitur,
1284 245 1442 286 respue
1475 246 1575 273 eum
1609 233 1801 287 penituS‚
1875 225 1893 303 ..1

311 305 414 360 quia
437 318 527 346 non
550 305 741 346 mittitur
762 311 841 349 tuo
864 304 1066 345 comodo.
1531 327 1534 329 -
1876 290 1893 346 ’Ὗ

371 375 468 417 Nec
511 375 662 415 mittas
704 374 911 416 nuncium
954 374 1028 428 qui
1071 373 1215 426 diligit
1251 373 1400 414 vinum
1440 379 1484 415 et
1522 376 1568 415 se
1606 373 1804 423 inebriat,

22 463 237 491 ordmnkards.
311 446 521 500 quoniam
546 445 699 487 Perses
733 445 775 486 in
809 445 1002 486 adventu
1035 443 1182 485 nuncii
1217 443 1381 485 instant
1403 438 1549 497 ‘penes
1581 444 1724 497 ipsum
1757 450 1805 485 ut
1825 457 1843 489 5

312 516 437 558 bibat
460 516 611 556 vinum
644 515 966 566 habundanter,
989 514 1109 568 quod
1143 514 1177 554 si
1205 512 1424 568 superflue
1451 514 1611 555 biberit
1644 527 1807 568 cogno-

24 599 217 627 Donotsend
313 591 442 627 scunt
477 586 597 639 quod
634 585 841 626 dominus
879 585 973 638 ejus
1011 584 1154 625 minus
1193 590 1286 625 erat
1330 584 1517 639 sapiens,
1596 583 1713 625 Cave
1754 599 1808 626 ne

23 634 267 696 {Zissgsssissiewn
316 656 467 698 mittas
490 656 699 697 nuncium
723 662 850 698 tuum
877 655 1091 709 majorem
1115 653 1328 708 bajulum,
1349 668 1429 696 nec
1452 654 1685 708 permittas
1706 668 1805 697 eum

315 726 511 781 elongari
545 740 570 766 a
601 733 680 766 tuo
707 733 963 781 conspectu,
997 725 1209 779 quoniam
1243 724 1327 765 hoc
1360 731 1427 765 est
1460 725 1711 766 destruccio
1743 726 1806 768 tui

315 795 470 852 regni.l
535 796 787 851 Qualitates
820 810 925 850 ergo
952 796 1216 837 nunciorum
1249 802 1442 845 tuorum,
1472 794 1626 837 laudes
1653 803 1696 837 et
1727 796 1892 849 ini-103»

314 867 522 922 properia
555 880 707 908 eorum
741 866 1005 908 denunciavi
1039 865 1120 906 tibi
1152 871 1195 905 et
1227 864 1537 920 ordinaciones
1558 865 1810 915 eorundem,
1877 864 1908 924 sl

314 944 358 980 et
382 937 573 992 qualiter
589 944 919 990 cognoscuntur
937 937 979 977 in
999 935 1260 977 infidelitate
1278 941 1321 976 et
1339 936 1457 976 bona
1475 934 1574 977 fide.
1620 934 1811 990 Quando
1846 935 1908 995 ’ᾖ

28 1029 163 1062 Degrade
319 1022 425 1062 ergo
454 1008 641 1048 nuncius
668 1021 755 1048 non
786 1007 1010 1048 invenitur
1040 1005 1154 1052 talis,
1178 1012 1245 1046 set
1268 1004 1445 1046 hanelat
1467 1005 1595 1046 donis
1617 1011 1661 1047 et
1688 1007 1812 1048 retri-

26 1069 231 1124 ffilssssccisssss‘fm'
318 1078 592 1129 bucionibuS‚
627 1084 670 1118 et
707 1078 857 1131 prodit
895 1083 941 1119 te
979 1077 1035 1118 de
1073 1076 1156 1117 hiis
1189 1089 1276 1129 que
1311 1074 1510 1129 injuncta
1546 1083 1648 1117 sunt
1686 1077 1739 1126 ei,
1769 1087 1813 1119 et
1879 1127 1881 1132 ¹

319 1149 525 1190 inventus
556 1147 686 1189 fuerit
713 1148 957 1189 diminutus
989 1147 1031 1188 in
1065 1146 1281 1202 regimine
1303 1152 1393 1196 tuo,
1417 1159 1503 1188 non
1528 1146 1710 1201 impono
1732 1147 1812 1188 tibi
1835 1161 1887 1194 151

321 1232 573 1260 mensuram
598 1231 711 1273 pene
733 1218 817 1259 sibi
841 1217 1116 1272 injungende
1132 1216 1148 1239 2
1170 1216 1239 1257 vel
1263 1215 1514 1269 infligende.

30 1359 88 1411 H
193 1394 251 1416 112
270 1384 304 1416 b.
387 1375 637 1428 Capitulum
657 1387 691 1415 .1
703 1386 739 1426 7.
759 1373 809 1414 de
825 1374 1039 1427 regimine
1059 1371 1062 1428 1
1083 1372 1175 1414 sive
1188 1372 1508 1425 gubernacz'one
1529 1371 1814 1418 subditorum,

319 1446 411 1486 sive
432 1445 484 1486 de
504 1444 691 1486 subditis
713 1443 915 1499 regendis
937 1450 978 1484 et
994 1440 1292 1497 defendendis,
1309 1449 1351 1483 et
1369 1442 1422 1484 de
1434 1443 1670 1498 prepositis
1689 1451 1819 1498 super

320 1530 387 1557 eos
407 1514 733 1564 constimendis,
755 1515 847 1556 sive
868 1514 920 1554 de
934 1512 1182 1567 prudencia
1204 1513 1322 1566 regis
1342 1514 1457 1554 circa
1479 1512 1702 1555 subditos?

34 1633 289 1666 Subjectsarethe
401 1614 493 1655 Am
518 1613 677 1655 novisti
702 1613 820 1667 quod
846 1612 1013 1653 subditi
1047 1618 1149 1653 sunt
1178 1612 1361 1665 pecunie
1387 1612 1546 1653 domus
1567 1619 1654 1661 tue,
1678 1613 1720 1653 id
1744 1619 1821 1663 est,
1840 1629 1880 1652 20

33 1667 138 1729 {Eiilssl'
152 1667 243 1694 ome
328 1613 380 1755 J
401 1683 635 1726 thesaurus
654 1689 770 1734 tuus,
789 1682 949 1737 quibus
966 1681 1255 1723 confirmatur
1277 1688 1403 1723 tuum
1429 1695 1626 1736 regnum.
1683 1683 1819 1737 Equi·

34 1771 119 1804 They
132 1780 179 1797 are
193 1770 250 1797 like
265 1779 301 1796 an
329 1769 450 1811 para,
467 1768 585 1809 ergo,
601 1753 804 1795 subditos
825 1760 926 1795 tuos
948 1752 1157 1793 viridario
1175 1752 1216 1792 in
1236 1765 1326 1806 quo
1344 1758 1445 1792 sunt
1467 1765 1628 1806 genera
1648 1752 1821 1795 diversa

36 1805 165 1833 O‘Chmd‘
330 1825 541 1867 arborum
580 1822 919 1872 fructiferarum,
950 1829 994 1864 et
1034 1836 1122 1864 non
1160 1822 1324 1864 habeas
1359 1836 1436 1864 eos
1470 1822 1583 1864 sicut
1620 1823 1821 1877 gramina

329 1895 561 1936 nascencia
602 1907 689 1948 que
731 1893 923 1935 reddunt
971 1891 1242 1934 absinthium
1286 1897 1330 1933 et
1372 1891 1561 1934 tribulos
1602 1898 1645 1933 et
1690 1893 1821 1935 nichil

330 1971 547 2019 generant
569 1963 860 2013 fructuosum,
885 1963 1100 2017 quoniam
1125 1963 1304 2004 arbores
1327 1962 1495 2004 habent
1523 1963 1566 2004 in
1588 1977 1634 2004 se
1659 1963 1822 2005 multos
1844 1973 1882 2006 25

386 2092 395 2111 ¹
429 2089 523 2140 quia
555 2091 744 2129 absencia
777 2088 864 2128 talis
898 2101 1069 2140 persone
1102 2089 1217 2126 infert
1253 2088 1430 2138 dampna
1463 2100 1586 2138 regno
1620 2095 1658 2127 et
1690 2095 1824 2139 posset

330 2144 457 2184 eciam
480 2145 586 2183 mala
605 2157 851 2195 componere
872 2151 988 2194 pacta
1009 2156 1100 2182 cum
1123 2142 1197 2181 hiis
1219 2144 1270 2182 ad
1292 2156 1394 2193 quos
1415 2142 1494 2181 ivit.

386 2199 398 2219 ‘²
428 2207 487 2238 set
509 2200 610 2238 ultra
630 2212 793 2238 omnem
817 2199 984 2238 modum
1006 2197 1103 2248 puni
1125 2211 1231 2236 eum.

385 2256 398 2276 ⁸
430 2255 735 2293 Documentum
752 2253 850 2292 illud
873 2252 955 2292 sive
971 2252 1084 2292 istius
1104 2252 1266 2303 capituli
1284 2259 1359 2291 stat
1379 2251 1419 2290 in
1442 2253 1520 2291 hoc
1540 2253 1651 2302 quod
1671 2266 1736 2292 rex
1758 2265 1826 2303 per

332 2310 488 2359 bajulos
511 2316 549 2348 et
578 2308 676 2348 alios
707 2307 910 2347 ministros
940 2307 1097 2347 ordinet
1128 2321 1295 2358 regnum
1326 2320 1442 2346 suum
1475 2306 1576 2346 sicut
1605 2307 1825 2358 antiquitus
1844 2318 1886 2350 30

332 2363 515 2403 ordinate
550 2371 642 2402 sunt
677 2362 857 2402 civitates
887 2371 925 2402 et
956 2376 1087 2413 regna,
1120 2369 1173 2409 ut,
1207 2361 1368 2410 scilicet,
1401 2363 1534 2401 nullus
1564 2361 1605 2400 in
1635 2375 1756 2413 regno
1777 2363 1825 2401 sit

332 2418 492 2458 ociosus
513 2426 572 2457 set
593 2424 825 2468 occupatus,
849 2424 888 2457 et
909 2418 1021 2468 quod
1047 2418 1180 2455 nullus
1211 2416 1260 2456 sit
1281 2416 1442 2463 inutilis,
1467 2424 1526 2456 set
1546 2416 1694 2456 utiliter
1713 2425 1825 2456 vacet

303 2503 307 2506 <
331 2472 471 2512 officiis
493 2481 532 2513 et
553 2472 752 2524 operibus,
780 2474 841 2512 vel
871 2472 1107 2511 militaribus
1138 2473 1199 2510 vel
1227 2471 1464 2522 agriculture
1491 2472 1553 2510 vel
1584 2470 1828 2510 mechanicis

332 2527 521 2579 operibus
542 2529 603 2567 vel
626 2527 947 2566 mercacionibus
961 2528 1022 2566 vel
1041 2526 1201 2577 judiciis
1223 2534 1261 2565 et
1278 2525 1657 2565 conservacionibus
1671 2525 1768 2576 juris
1789 2534 1827 2565 et

331 2582 452 2633 pacis,
476 2590 515 2622 et
535 2591 638 2621 artes
661 2583 765 2622 male
788 2583 1050 2621 excludantur
1071 2589 1109 2620 et
1127 2580 1250 2620 ociosi
1273 2588 1311 2620 et
1327 2582 1501 2620 latrones
1522 2588 1560 2619 et
1582 2579 1826 2631 hujusmodi.
1847 2586 1886 2620 35

381 2713 418 2743 17
445 2704 544 2736 Book
560 2703 640 2742 V11,
658 2704 812 2743 Chapter
828 2703 905 2734 cvii.
930 2703 965 2733 V.
