1908 3126
193 561 254 593 104
272 554 302 585 b.

34 632 204 665 Encourage
218 632 295 658 them

33 666 89 692 and
104 672 174 692 treat
191 667 267 692 them

35 700 106 726 well.

35 1194 158 1220 Ctmnsel
174 1193 195 1220 is
208 1203 225 1220 a

35 1227 111 1261 sight
125 1228 157 1254 of
169 1228 265 1261 things

34 1269 62 1287 to
76 1272 164 1289 come.

34 1331 59 1355 A
73 1330 141 1363 king
156 1332 293 1364 reproved

35 1364 73 1396 by
86 1373 138 1390 one
152 1366 185 1391 of
195 1366 238 1391 his

33 1399 207 1425 counsellors
221 1401 262 1426 sor

35 1433 137 1465 asking
151 1434 251 1461 advice
265 1434 290 1460 iu

35 1467 86 1493 full
100 1468 211 1494 council

34 1501 122 1528 about
136 1511 152 1528 a
166 1510 255 1529 secret

34 1538 165 1563 revealed
180 1537 218 1570 by

34 1580 50 1595 a
69 1570 209 1598 fax-ourite

34 1614 134 1637 queen.

201 1973 258 2004 105
277 1974 307 1995 a.

39 2314 62 2339 A
78 2313 170 2347 king's
184 2313 302 2340 wisdom

37 2347 59 2373 is
73 2347 219 2374 inm-cased
234 2348 272 2381 by

37 2382 84 2408 the
98 2383 213 2408 counsel
225 2383 257 2409 of
266 2383 309 2410 his·

36 2422 174 2443 servants.

1031 81 1112 136 138

324 197 583 239 habundare
606 196 649 237 in
672 197 743 238 via
765 197 986 252 sapiencie
1009 205 1053 240 et
1076 213 1248 241 morum
1275 208 1319 243 et
1343 201 1565 242 declinare
1586 214 1637 242 ac
1663 199 1815 253 fugere

325 267 530 309 semitam
555 267 795 308 viciorum:
828 267 962 309 talem
987 283 1091 324 ergo
1118 270 1252 324 dilige
1282 277 1325 312 et
1347 270 1512 311 habeas
1531 270 1665 324 juxta
1690 275 1745 319 te,
1767 277 1812 310 et

325 337 533 392 precipue
555 344 658 378 tunc
682 338 863 391 quando
885 338 1047 380 videris
1070 340 1216 393 ipsum
1246 339 1590 382 excercitantem
1615 339 1812 380 animum

324 422 452 449 suum
491 407 533 448 in
570 407 653 448 hiis
684 408 932 449 virtutibus
995 408 1116 450 Talis
1153 411 1272 451 enim
1307 410 1536 458 consuevit
1568 399 1666 451 esse
1700 409 1813 450 bone

325 477 592 531 eloquencie‚
616 484 661 518 et
691 477 802 518 bene
829 478 1134 533 morigeratus,
1157 480 1333 522 curialis
1363 486 1406 521 et
1436 480 1576 521 sciens
1608 478 1813 520 historias
1834 500 1852 530 5

326 561 480 588 eorum
513 546 588 601 qui
618 561 699 588 nos
726 556 1030 602 precesserunt
1058 547 1063 605 Ι
1092 550 1148 590 de
1176 550 1397 603 gentibus.
1461 550 1564 590 Non
1590 561 1813 602 preponas

325 631 430 671 ergo
453 616 623 671 aliquid
645 617 895 659 faciendum
918 618 988 660 vel
1018 625 1263 673 postponas
1292 619 1461 673 absque
1493 618 1589 672 ejus
1615 617 1811 659 consilio.

329 688 478 741 Dilige
511 687 604 741 ejus
636 687 910 738 societatem,
934 689 1037 743 quia
1067 689 1168 731 talis
1197 689 1343 743 diligit
1365 689 1599 730 veritatem
1625 694 1668 729 et
1691 687 1810 741 quod

325 758 454 799 decet
484 758 649 812 regiam
682 764 979 812 magestatem
1007 759 1196 801 consulit
1224 767 1268 801 et
1299 766 1498 801 removet
1531 758 1811 800 contrarium.

327 827 502 869 Firmus
525 834 592 869 est
618 827 662 869 in
684 828 845 879 animo,
869 836 1076 872 constans
1100 830 1143 870 in
1166 830 1312 881 corde,
1326 829 1470 870 fidelis
1493 834 1536 870 et
1555 827 1701 882 justus
1722 828 1814 869 sive
1837 847 1878 869 10

327 905 468 940 rectus
490 898 578 939 suis
600 898 805 940 subditis.
859 898 984 941 Scias
1001 913 1107 954 ergo
1129 900 1226 940 hoc.
1250 932 1253 935 ⁴
1281 898 1393 940 Tale
1415 898 1533 939 enim
1557 894 1813 939 consiliumvl

327 967 542 1011 rectificat
575 967 747 1022 bajulos
777 975 821 1010 et
849 970 1025 1011 ordinat
1059 977 1103 1011 et
1135 976 1395 1024 augmentat
1427 981 1610 1022 regnum
1642 980 1813 1023 regum.
1856 985 1865 993 ·

328 1039 423 1080 Nec
453 1037 587 1080 facias
615 1039 782 1093 aliquid
811 1046 1084 1093 prepostere‚
1112 1041 1398 1094 preponendo
1423 1037 1738 1093 postponenda
1770 1044 1814 1078 et

328 1109 640 1162 postponendo
662 1110 961 1164 preponenda.
1015 1110 1163 1152 Nichil
1184 1110 1365 1164 penitus
1387 1123 1494 1163 agas
1516 1109 1612 1150 sine
1632 1107 1814 1149 consilio

327 1178 651 1233 philosophico,
730 1179 987 1235 Philosophi
1024 1182 1140 1222 enim
1176 1181 1386 1222 dixerunt
1423 1180 1542 1233 quod
1581 1177 1876 1230 consilium15

325 1256 390 1290 est
413 1249 568 1290 oculus
590 1250 851 1292 futurorum.

388 1319 449 1360 Et
482 1319 525 1360 in
559 1320 679 1360 libris
715 1320 945 1362 Persarum
980 1321 1142 1375 legitur
1172 1321 1291 1374 quod
1331 1321 1513 1374 quidam
1550 1333 1626 1359 rex
1663 1332 1812 1360 eorum

327 1389 548 1431 consuluit
577 1391 763 1432 barones
796 1405 898 1432 suos
930 1397 973 1432 et
1006 1391 1196 1445 quesivit
1228 1390 1462 1432 consilium
1485 1404 1511 1431 a
1533 1388 1695 1443 bajulis
1723 1388 1813 1429 suis

325 1473 458 1514 super
494 1461 691 1514 quodam
726 1468 894 1502 secreto
925 1460 1056 1502 valde
1088 1462 1207 1516 quod
1244 1461 1325 1502 fuit
1358 1460 1600 1502 revelatum
1637 1458 1814 1513 regine²

326 1530 503 1570 cuidam
537 1529 697 1571 dilecte
726 1531 784 1573 ab
812 1545 879 1573 eo.
944 1532 1195 1585 Respondit
1224 1546 1330 1586 ergo
1360 1544 1473 1572 unus
1495 1543 1677 1572 eorum:
1711 1529 1814 1570 Non
1838 1547 1881 1569 20

327 1605 507 1653 oportet
539 1601 659 1653 quod
695 1613 775 1641 rex
808 1609 964 1654 querat
997 1602 1179 1655 aliquod
1213 1600 1445 1642 consilium
1473 1615 1498 1641 a
1526 1599 1654 1641 nobis
1686 1611 1815 1652 super

326 1670 478 1723 aliquo
502 1683 582 1711 suo
604 1670 721 1712 facto
744 1671 813 1712 vel
836 1679 1018 1721 secreto,
1042 1679 1109 1714 set
1131 1672 1369 1726 separatim
1392 1677 1549 1725 querat
1571 1685 1597 1712 a
1619 1669 1814 1724 quolibet

327 1746 546 1781 secretum
571 1754 714 1782 suum.
779 1741 898 1795 Quia
929 1742 971 1782 in
1001 1743 1180 1783 secretis
1207 1741 1400 1783 consiliis
1427 1741 1533 1782 talia
1567 1740 1816 1782 revelantur

326 1809 399 1850 uni
421 1823 509 1863 que
530 1823 618 1850 non
641 1811 936 1853 communiter
953 1826 1102 1854 coram
1124 1812 1322 1866 pluribus
1339 1811 1407 1853 vel
1430 1810 1580 1852 multis
1597 1810 1813 1857 dicuntur,
1907 1860 1908 1872 ἢ

327 1894 405 1922 nec
429 1881 595 1922 debent
619 1881 800 1923 revelari
825 1881 999 1923 multis:
1032 1883 1093 1923 sic
1117 1896 1223 1937 ergo
1246 1881 1418 1936 perfice.
1484 1880 1687 1922 Profecto
1710 1892 1815 1933 ergo
1837 1897 1879 1930 ²⁵
1907 1882 1908 1887 ’

329 1950 428 1992 dico
453 1948 460 2004 Ι
491 1951 613 2003 quod
632 1965 720 1992 non
739 1958 917 2004 oportet
940 1952 1024 1993 hoc
1043 1952 1133 1993 fieri
1154 1953 1195 1992 in
1214 1952 1421 1993 omnibus
1439 1951 1658 2006 operibus,
1677 1950 1814 1990 immo

329 2021 533 2061 convenit
558 2026 605 2061 ut
630 2021 712 2063 hoc
743 2022 821 2063 fiat
850 2036 951 2063 cum
982 2023 1356 2064 consideracione.
1422 2020 1642 2063 Convenit
1673 2019 1812 2061 eciam

328 2092 448 2144 quod
472 2097 688 2131 vocentur
709 2092 765 2132 ad
795 2089 1069 2146 presenciam
1102 2099 1222 2133 tuam
1255 2093 1297 2132 in
1329 2090 1696 2146 prosperitatibus
1726 2089 1815 2130 suis

329 2162 371 2201 in
411 2160 593 2214 ligando
631 2168 675 2202 et
708 2162 921 2203 solvendo
953 2164 1196 2204 secundum
1231 2159 1555 2216 proprietates3
1586 2160 1814 2214 arguendo

329 2237 464 2284 atque
486 2231 698 2273 solvendo
722 2231 835 2273 sicut
858 2233 1161 2285 premisimus:
1189 2232 1399 2285 quoniam
1417 2231 1598 2285 quidam
1621 2229 1815 2285 philoso-
1835 2245 1879 2277 30

330 2300 518 2354 phorum
544 2301 661 2341 dixit
684 2303 804 2355 quod
830 2302 944 2355 regis
969 2303 1177 2356 sapientis
1211 2301 1433 2355 sapiencia
1455 2300 1815 2355 augmentabitur

330 2384 407 2423 per
422 2370 653 2411 consilium
674 2370 923 2425 bajulorum
943 2374 1175 2421 bonorum,
1191 2373 1301 2412 sicut
1319 2377 1631 2425 augmentatur
1648 2382 1786 2423 equor
1799 2367 1815 2390 ⁴

382 2475 392 2494 ¹
420 2475 493 2520 vel,
516 2475 628 2523 quod
649 2473 736 2512 talis
758 2473 969 2512 consilium
993 2473 1051 2525 (in
1071 2475 1235 2512 another
1253 2473 1389 2524 leand).

379 2528 391 2547 ²
422 2529 495 2575 vel,
518 2527 599 2578 regi
619 2541 688 2578 per
708 2529 927 2578 quemdam
946 2528 1139 2568 dilectum
1161 2529 1212 2567 ab
1232 2543 1291 2567 eo.

378 2584 391 2604 ³
421 2582 582 2630 scilicet,
606 2581 752 2633 ingenii
776 2583 988 2633 cujuslibet
1010 2592 1051 2622 ut
1075 2585 1296 2623 consulant.

377 2639 390 2658 ⁴
419 2637 460 2675 id
481 2645 551 2683 est,
574 2651 693 2677 mare.
1827 2625 1878 2693 ¹3⁵

373 2749 409 2777 17
435 2738 589 2778 Chapter
605 2739 695 2768 xcix.
720 2738 757 2768 V.
