1908 3126
0 876 1 890 ³
26 877 64 900 10
79 863 293 916 prophetis,
317 863 455 902 salvari
477 876 558 902 non
583 863 724 913 potuit.
784 863 997 902 Nescimus
1019 872 1152 903 tamen
1174 867 1272 915 quid
1296 868 1405 905 Deus
1426 868 1560 907 fecerit

1 2569 4 2604 ἰ

795 113 847 154 37

140 215 259 255 Dum
306 214 436 267 igitur
481 215 659 265 viveret,
701 215 923 256 convaluit
968 216 1229 258 Alexander
1276 219 1317 259 in
1364 220 1561 261 sanitatis
1583 229 1622 259 33
1642 222 1671 253 b-

79 283 389 325 observacione
405 296 483 336 per
498 283 830 324 observanciam
849 285 913 325 sui
936 286 1028 326 sani
1051 287 1217 328 consilii
1242 293 1284 328 et
1309 288 1559 330 imitacione
1580 281 1803 308 '³¹⁶x³¹¹‘¹“s0¹‘

1578 314 1667 341 lowed
1683 315 1725 341 his
1738 315 1837 342 advice

1576 350 1632 375 and
1647 349 1762 375 became

79 353 286 407 precepti.
350 352 409 393 Et
440 353 539 394 ideo
571 352 819 406 subjugavit
851 354 933 395 sibi
967 355 1180 405 civitates,
1205 363 1248 398 et
1281 358 1556 413 triumphans
1577 384 1780 410 .„a,tc,.0f,1‚e

78 422 316 475 adquisivit
350 422 432 462 sibi
468 428 626 463 cuncta
655 435 799 475 regna,
835 429 877 463 et
912 424 1051 464 tocius
1085 426 1234 467 mundi
1267 426 1386 467 solus
1419 428 1558 468 tenuit
1576 417 1672 444 ΝΟΜ·

0 513 2 522 ›
46 490 390 541 5m0na1·chiam‚
414 497 457 532 et
490 491 532 531 in
564 503 742 531 omnem
775 498 936 532 terram
970 494 1110 535 exivit
1143 494 1259 536 sama
1290 510 1381 545 sua,
1408 503 1451 538 et
1484 511 1562 550 per

80 561 225 601 omnia
268 561 419 602 mundi
454 560 633 601 climata
669 574 823 601 omnes
864 569 1021 616 gentes
1063 570 1105 603 et
1147 564 1316 606 diverse
1358 566 1559 607 naciones

80 630 403 671 subiciebantur
425 643 505 670 suo
529 630 710 683 imperio
733 637 776 670 et
800 637 1020 685 precepto,
1043 632 1218 674 Arabes
1241 641 1373 687 atque
1394 636 1560 684 Perses,

80 753 315 795 Christianis
353 767 433 793 non
473 761 532 792 est
570 753 722 792 licitum
763 755 838 792 hoc
878 757 1022 793 sentire
1053 769 1126 794 nec
1159 758 1323 805 firmare,
1358 758 1451 808 quia
1485 760 1558 797 nisi
1579 773 1738 801 Christian<

80 809 283 848 habuisset
322 809 444 848 fidem
484 807 632 848 Christi
671 810 882 847 revelatam
924 809 958 848 ei
997 818 1066 848 aut
1104 810 1243 850 fuisset
1285 811 1499 852 instructus
1538 828 1558 852 a
1579 813 1683 868 ξξζῐῇοῑ
1698 808 1805 834 heum

80 918 115 958 ei
146 926 185 958 et
213 917 299 956 aliis
329 917 458 968 dignis
489 917 692 968 prophetis
723 926 762 956 et
783 917 1043 969 philosophis,
1066 919 1212 969 quibus
1233 921 1344 960 dedit
1365 922 1562 972 magnalia

78 972 287 1024 sapiencie.
349 975 453 1011 Nam
472 974 584 1011 Plato
597 972 787 1022 expressit
800 972 1049 1021 Trinitatem,
1066 975 1167 1026 sicut
1180 976 1299 1014 docet
1314 976 1560 1026 .·Xugiistiniis

79 1027 178 1066 libro
199 1029 263 1066 De
281 1028 432 1065 civitate
450 1028 538 1075 Dei,
562 1036 600 1066 et
624 1026 689 1065 alii
707 1028 892 1066 doctores
921 1029 997 1066 hoc
1019 1030 1187 1078 firmant,
1210 1038 1248 1068 et
1266 1032 1390 1069 multa
1412 1031 1560 1070 nobilia

77 1083 198 1122 sensit
218 1083 270 1121 de
292 1083 382 1121 Deo
403 1090 442 1121 et
460 1081 611 1132 angelis
627 1090 665 1120 et
686 1081 764 1120 vita
781 1083 919 1120 futura.
982 1083 1204 1122 Aristotiles
1221 1097 1325 1132 vero,
1342 1084 1560 1136 discipulus

23 1147 59 1181 15
79 1136 255 1176 Platonis
276 1144 335 1175 set
357 1138 474 1186 longe
491 1136 783 1187 transgrediens
801 1136 1030 1187 magistrum
1046 1152 1173 1186 suum,
1190 1138 1287 1177 dicit
1308 1139 1346 1177 in
1364 1140 1560 1191 principio

81 1193 166 1231 Celi
180 1198 217 1230 et
237 1193 390 1229 Mundi
406 1191 461 1229 sic
482 1207 488 1230 :
521 1190 853 1241 ‘lN‘lagnificamus
873 1193 1038 1231 adorare
1058 1194 1178 1231 deum
1207 1207 1332 1232 unum
1354 1202 1392 1233 et
1413 1195 1558 1233 trinum

77 1248 320 1286 eminentem
360 1246 666 1296 proprietatibus
705 1259 843 1284 eorum
876 1260 954 1296 que
983 1254 1075 1286 sunt
1114 1256 1253 1287 creata.
1315 1250 1420 1287 Nam
1452 1251 1559 1288 hunc

78 1314 287 1340 numerum
322 1300 504 1339 trinitatis
536 1300 774 1339 extraximus
813 1314 836 1339 a
874 1309 1014 1340 natura
1044 1316 1200 1342 rerum:
1232 1316 1353 1343 omne
1383 1303 1491 1342 enim
1522 1313 1560 1343 et

77 1364 205 1395 totum
227 1364 264 1395 et
285 1357 504 1407 perfeetum
526 1355 714 1405 ponimus
735 1354 775 1393 in
797 1355 935 1403 tribus,
955 1355 1116 1404 scilicet,
1140 1356 1178 1395 in
1204 1357 1399 1409 principio
1424 1360 1559 1398 medio

23 1424 62 1448 20
77 1419 115 1450 et
135 1411 239 1449 fine.⁷
297 1412 414 1449 Pater
434 1417 493 1449 est
507 1409 759 1460 principium,
776 1409 897 1448 Filius
914 1418 973 1448 est
994 1411 1184 1459 medium,
1201 1412 1367 1462 Spiritus
1389 1414 1558 1452 Sanetus
1579 1424 1739 1450 Aristotle's
1753 1423 1840 1450 belief

77 1465 176 1505 finis.
248 1466 315 1504 Set
335 1464 426 1504 licet
448 1466 522 1503 hec
550 1464 622 1503 tria
653 1463 1003 1513 nomina—Pater,
1028 1465 1162 1513 Filius,
1196 1475 1235 1505 et
1265 1467 1433 1517 Spiritus
1464 1469 1557 1507 San—
1578 1458 1810 1519 ἓῐῖξεξῗῃξξωε(

77 1528 303 1559 ctus-non
323 1519 513 1570 expressit
534 1518 610 1567 hie,
633 1528 767 1558 tamen
788 1519 829 1557 in
849 1521 935 1570 lege
957 1533 1028 1558 sua
1047 1522 1109 1559 vel
1128 1521 1222 1560 alibi
1244 1524 1557 1572 presumendum

78 1583 136 1614 est
163 1576 274 1625 quod
295 1575 378 1613 -hec
408 1574 595 1625 percepit,
619 1573 712 1624 quia
743 1573 782 1612 in
810 1575 895 1624 lege
924 1588 995 1612 sua
1018 1575 1158 1614 habuit
1179 1584 1256 1614 tres
1285 1578 1490 1615 oraciones
1519 1586 1557 1615 et

78 1629 150 1668 tria
170 1629 361 1668 sacrificia
380 1630 431 1668 ad
459 1630 653 1667 honorem
674 1628 890 1667 Trinitatis.
964 1631 1014 1668 Et
1044 1631 1159 1668 Plato
1189 1633 1379 1681 expressit
1404 1639 1555 1682 patrem
1578 1647 1670 1674 Plato.

22 1700 59 1733 ²5
77 1692 116 1723 et
146 1693 351 1734 paternam
386 1691 562 1723 mentem
594 1692 632 1722 et
662 1683 867 1734 utriusque
900 1698 1078 1723 amorem
1119 1693 1317 1734 mutuum,
1356 1694 1399 1725 ut
1430 1686 1555 1725 saneti

78 1740 235 1778 docent.
297 1739 430 1777 Multo
459 1751 552 1789 ergo
573 1738 697 1789 magis
727 1738 962 1785 Aristotiles,
987 1740 1072 1789 ejus
1103 1747 1273 1779 sectator
1302 1740 1342 1778 in
1367 1741 1555 1780 omnibus

78 1793 177 1832 veris
197 1803 235 1833 et
252 1795 304 1832 ad
324 1795 475 1844 majora
495 1793 741 1844 perveniens,
765 1793 934 1832 credidit
954 1794 1112 1832 beatam
1138 1794 1385 1834 Trinitatem.
1448 1795 1558 1846 Legi-

78 1862 166 1887 mus
195 1848 302 1888 enim
332 1848 373 1886 in
403 1847 481 1886 vita
511 1849 616 1886 beati
650 1847 832 1897 Dyonisii
862 1849 973 1898 quod
1002 1856 1219 1899 antequam
1250 1849 1322 1888 fuit
1343 1864 1557 1889 conversus
1577 1866 1782 1893 &mensum

78 1904 161 1954 ipse
182 1911 220 1942 et
241 1902 306 1941 alii
326 1903 580 1942 crediderunt
613 1904 745 1940 Deum
768 1903 973 1941 hominem
1005 1905 1240 1951 salvatorem
1262 1905 1403 1944 mundi
1423 1913 1559 1944 ventu·
1578 1901 1757 1934 Arec'pstgi‘e·

21 1975 61 2007 30
75 1971 174 2006 rum,
197 1972 317 2008 quem
341 1958 540 1996 vocabant
570 1959 704 1996 Deum
734 1958 915 2007 ignotum
945 1957 1008 1995 cui
1039 1959 1159 1996 etiam
1188 1960 1367 1998 fecerunt
1389 1959 1558 1998 Athenis

75 2025 182 2051 aram
203 2026 322 2064 quam
354 2012 551 2051 vocabant
572 2014 692 2050 Aram
717 2013 806 2050 Deo
835 2011 984 2062 ignoto.
1044 2014 1096 2050 Et
1128 2014 1334 2052 Avicenna
1364 2028 1413 2063 .9.
1445 2014 1558 2053 libro.
1578 2030 1730 2057 szceuna,

77 2068 353 2118 Afitlzaphisice
390 2067 510 2106 docet
548 2067 876 2105 resureccionem.
954 2068 1006 2104 Et
1055 2067 1311 2106 Democritus
1358 2068 1559 2119 antiquior

77 2122 264 2161 omnibus
285 2121 473 2169 similiter,
496 2121 596 2160 sicut
612 2120 762 2159 Plinius
784 2120 919 2160 scribit
939 2121 1051 2160 libro.
1078 2134 1110 2170 7.
1173 2123 1224 2160 Et
1250 2122 1417 2162 Ethicus
1437 2131 1557 2162 astro·
1577 2139 1705 2167 Εὐήρης,

77 2189 235 2225 nonius,
274 2185 444 2215 testante
487 2175 737 2223 Hieronimo,
780 2178 903 2214 multa
943 2175 1065 2215 sensit
1099 2177 1150 2215 de
1186 2176 1347 2216 Christo
1379 2177 1420 2216 in
1454 2178 1555 2217 libro

20 2249 58 2282 35
77 2244 197 2281 quem
218 2230 415 2270 transtulit
436 2230 539 2269 illius
564 2230 802 2281 philosophi.
865 2232 1076 2281 Multaque
1106 2230 1170 2269 hic
1198 2231 1358 2282 allegari
1388 2241 1555 2282 possunt

77 2287 127 2326 de
151 2286 158 2339 ξ
183 2286 299 2326 dictis
329 2287 659 2336 philosophorum
682 2299 760 2335 que
780 2286 920 2324 saltem
941 2293 1034 2324 sunt
1054 2285 1094 2323 in
1116 2286 1439 2326 consolacionem
1462 2287 1553 2326 fidei
1575 2301 1615 2331 53
1635 2293 1664 2323 b.

75 2349 219 2380 nostre.
271 2341 514 2379 Habuerunt
526 2340 633 2379 enirn
645 2341 819 2391 quedam
834 2339 1013 2390 preludia
1031 2340 1138 2388 fidei,
1152 2349 1211 2379 set
1231 2343 1342 2391 quod
1364 2341 1557 2380 sufficien-

77 2402 156 2434 tem
177 2397 297 2435 fidem
329 2395 568 2448 habuerunt⁴
585 2408 665 2433 non
687 2395 882 2433 debemus
920 2408 1078 2444 ponere,
1103 2409 1177 2434 nec
1204 2404 1338 2434 tamen
1359 2397 1554 2435 debemus
1576 2411 1715 2436 wenum
1729 2418 1777 2437 not

77 2450 269 2489 affirmare
289 2449 631 2500 dampnacionem
653 2450 880 2500 aliquorum
896 2449 1222 2500 dignissimorum
1243 2451 1428 2498 virorum,
1460 2451 1554 2500 quia
1573 2445 1784 2506 ᾒζξξζζῇῑξζῗος

16 2522 58 2553 4ο
76 2506 275 2544 nescimus
296 2504 393 2555 quid
413 2504 549 2544 fecerit
569 2504 625 2543 eis
648 2506 770 2552 Deus,
804 2506 896 2544 licet
927 2518 1008 2543 non
1039 2505 1197 2544 fuerunt
1227 2506 1302 2544 sub
1333 2506 1429 2556 lege,
1453 2507 1554 2544 sicut
1573 2513 1642 2540 such
1657 2522 1781 2546 persons·

74 2571 148 2598 nec
168 2559 307 2598 beatus
327 2559 418 2609 Job.

60 2735 71 2745 ·
122 2686 161 2726 ra
184 2694 436 2736 Augustinus]
460 2694 515 2725 lib.
534 2693 601 2725 viii.
623 2704 652 2725 c.
671 2705 700 2733 4.
929 2694 969 2724 16
992 2694 1072 2724 Geli
1087 2697 1127 2725 et
1142 2692 1298 2735 Mundi]
1323 2693 1381 2726 lib.
1398 2693 1418 2726 i.
1433 2704 1460 2726 e.
1479 2704 1511 2725 2.

54 2779 57 2782 ,
97 2757 158 2790 ⁴33
185 2746 397 2787 Avicenna]
423 2747 479 2778 lib.
499 2747 543 2777 ix.
564 2757 591 2777 c.
615 2757 643 2786 7.
