1908 3126
796 85 880 128 119

164 267 413 322 Capitulum
432 279 483 322 .3.
505 267 558 308 de
563 267 769 322 generali
782 267 1022 321 cognz'cz'one
1041 266 1134 308 sive
1149 266 1394 308 universali
1404 266 1583 321 planta-

102 351 205 379 rum
234 337 520 379 mirabilium.

218 439 261 482 U
277 439 408 494 plene
422 441 583 482 novisti
599 455 657 482 ex
670 440 1011 494 precedentibus
1026 439 1290 482 tractatibus
1307 439 1415 480 meis
1430 439 1473 480 in
1488 439 1584 492 qui·
1634 426 1640 432 ⁶

216 510 297 550 bus
320 508 516 565 traqtavi
532 510 611 552 tibi
624 511 690 563 de
707 509 981 551 naturalibus
1000 516 1044 551 et
1066 509 1248 551 secretis
1271 515 1438 559 nature,
1462 508 1581 562 quod
1601 534 1644 567 90
1663 526 1694 557 b,

28 628 29 633 Ἰ
64 596 83 629 5
103 578 266 632 gradus
287 586 331 621 et
352 579 588 633 disposicio
621 579 870 633 plantarum
893 586 960 620 est
989 586 1089 633 post
1112 579 1298 632 gradum
1320 585 1364 619 et
1394 577 1582 632 disposi—
1600 602 1664 629 The
1677 602 1844 636 dispositio„

102 647 275 689 cionem
300 648 589 698 mineralium‚
612 649 856 691 secundum
876 649 1130 690 essenciam.
1174 648 1233 689 Et
1249 648 1370 701 quod
1386 646 1584 701 quelibet
1601 637 1747 670 Ofpmm*

102 716 253 772 planta
277 719 430 772 recipit
448 719 637 760 formam
653 719 878 772 propriam
893 719 1138 760 secundum
1161 730 1286 758 suam
1303 718 1517 770 originem
1540 723 1584 756 et

103 794 306 830 naturam
332 803 357 829 a
381 788 679 844 superioribus
706 787 876 830 naturis
892 787 905 812 ¹
933 789 1184 829 vincentem
1207 794 1252 829 et
1275 787 1583 829 dominantem

103 858 146 898 in
167 871 233 900 ea.
295 859 356 900 Et
378 859 558 901 vincens
583 859 626 900 in
647 859 808 913 plantis
827 864 892 900 est
915 872 1056 912 aquea
1079 865 1250 907 natura,
1264 863 1309 898 et
1332 857 1374 898 in
1398 857 1584 898 minera-
1605 883 1823 916 PIamswate,5
1837 884 1863 908 ᾖ,

45 942 85 966 ιο
103 927 218 969 libus
259 928 483 983 lapidibus
524 936 590 970 est
638 936 781 971 terrea
824 935 992 970 natura.
1057 928 1235 981 Recipit
1282 940 1387 980 ergo
1426 932 1583 967 natura
1602 924 1827 996 gffissgmhy·

102 997 356 1051 plantarum
378 999 684 1040 extensionem
700 999 812 1040 sicut
826 999 943 1039 idem
959 998 1115 1051 recipit
1137 1011 1300 1051 aquam
1318 1009 1395 1051 per
1409 1002 1582 1038 motum

101 1072 146 1109 et
179 1067 487 1122 impulsionem
520 1075 750 1110 ventorum
785 1069 827 1109 in
860 1081 940 1108 suo
974 1067 1084 1108 loco.
1162 1067 1222 1107 Et
1245 1066 1356 1106 sicut
1377 1079 1491 1119 aqua
1517 1071 1584 1105 est
1604 1079 1665 1104 The
1680 1079 1783 1112 figures
1796 1079 1827 1104 os
1861 1050 1872 1060 ’

102 1137 377 1179 diversarum
415 1137 670 1192 figurarum,
714 1138 818 1191 quia
855 1138 899 1178 in
934 1151 988 1178 eo
1019 1143 1121 1178 sunt
1158 1136 1297 1177 multe
1338 1134 1489 1189 figure,
1525 1134 1587 1175 sic
1604 1113 1756 1174 Si'ss‘gisse‘f‘e

103 1207 264 1250 accidit
288 1208 331 1248 in
354 1208 526 1263 plantiS,
552 1208 656 1262 quia
677 1221 829 1249 omnes
860 1207 1000 1262 figure
1031 1207 1304 1261 reperiuntur
1337 1206 1379 1246 in
1411 1204 1588 1260 plantis.

46 1291 83 1325 15
107 1277 189 1318 Est
210 1278 359 1331 itaque
380 1278 558 1319 vincens
581 1279 624 1318 in
655 1277 817 1331 plantis
850 1278 979 1331 aqua,
1015 1282 1059 1317 et
1096 1289 1186 1317 non
1218 1274 1475 1317 extenditur
1505 1273 1587 1315 nisi

104 1360 183 1401 per
223 1346 517 1388 diffusionem.
583 1347 644 1388 Et
682 1353 888 1400 operator
927 1345 1234 1387 dissolucionis
1269 1357 1482 1398 aquarum
1521 1350 1587 1384 est
1609 1362 1780 1395 Mercuryis
1795 1363 1841 1388 the

104 1423 356 1472 perpetuus,
383 1416 650 1458 incessanter
681 1429 870 1470 operans
901 1415 945 1456 in
977 1428 1058 1457 suo
1090 1414 1196 1463 celo,
1229 1414 1474 1455 Mercurius
1505 1413 1588 1454 sci·
1606 1396 1853 1430 p¹²²¹¹²t⁰f⁸v³oe¹²

104 1485 236 1538 licet;
267 1473 480 1540 quoniam
514 1486 816 1528 universaliter
846 1499 998 1526 verum
1034 1491 1099 1526 est
1132 1484 1251 1539 quod
1285 1484 1587 1537 unusquisque

104 1557 285 1610 planeta
307 1556 420 1610 regit
452 1562 496 1598 et
529 1556 724 1610 disponit
759 1561 804 1597 et
836 1555 1045 1615 convenit
1076 1560 1121 1596 et
1152 1553 1370 1596 assimilat
1393 1552 1586 1607 quedam

47 1643 88 1666 20
105 1638 182 1668 sue
202 1632 370 1668 nature.
431 1625 572 1668 Verbi
592 1626 751 1681 gracia,
770 1624 990 1667 Saturnus
1008 1631 1130 1667 tenet
1147 1630 1323 1677 terram,
1343 1623 1586 1665 Mercurius
1604 1631 1835 1692 ξέὲεειῗέῗὲῗῐξίοῐ

104 1709 280 1750 aquam,
301 1696 474 1750 Jupiter
495 1709 656 1746 aerem,
687 1694 765 1736 Sol
796 1695 958 1750 ignem.
1023 1695 1084 1735 Et
1115 1707 1202 1735 non
1236 1693 1450 1748 reperitur
1480 1690 1585 1747 hecl
1791 1687 1809 1691 ”

106 1765 439 1808 conveniencia2
482 1765 526 1807 in
558 1765 836 1819 planetarum
870 1765 1079 1819 operibus
1113 1763 1415 1815 mutabilibuS,
1446 1768 1513 1804 set
1544 1762 1586 1802 in
1606 1781 1642 1812 91
1666 1782 1694 1802 a.

103 1837 438 1891 operacionibus
467 1850 578 1891 quas
610 1849 786 1890 semper
817 1835 984 1876 habent
1016 1834 1246 1877 continuas
1278 1841 1322 1875 et
1354 1840 1589 1888 perpetuas
1606 1849 1843 1882 mecon-espon-

8 1957 10 1968 Ι
105 1920 185 1961 per
204 1907 415 1948 virtutem
437 1906 710 1960 superiorem
733 1904 1062 1953 universalem‚3
1083 1918 1170 1958 que
1192 1910 1259 1945 est
1282 1917 1413 1958 super
1434 1916 1588 1944 omnes
1606 1884 1698 1944 {ifflct}
1709 1884 1805 1944 ‘filcile'

7 1969 11 2013 ι’
48 1991 87 2024 25
105 1976 302 2027 virtutes,
334 1976 517 2017 istarum
549 1975 878 2030 operacionum.
956 1973 1016 2015 Et
1048 1973 1119 2015 hic
1152 1986 1240 2014 non
1274 1980 1341 2015 est
1374 1972 1496 2014 locus
1531 1972 1587 2013 ad
1607 1952 1727 1984 mmet&

7 2043 9 2051 ’
106 2045 498 2087 demonstrandum
521 2046 577 2086 de
597 2044 681 2085 hiis
702 2044 863 2094 arduis,
887 2050 952 2084 set
975 2043 1076 2084 ideo
1092 2042 1171 2084 feci
1195 2043 1468 2085 mencionem
1486 2042 1589 2095 quia

107 2116 402 2157 necessarium
426 2121 471 2157 et
494 2114 624 2155 nimis
647 2114 754 2156 utile
776 2121 842 2155 est
857 2113 937 2154 tibi
960 2119 1140 2168 propter
1152 2119 1414 2166 sequentem
1429 2118 1588 2153 tracta-

107 2187 203 2226 tum
241 2185 286 2226 in
319 2199 409 2240 quo
446 2184 838 2226 determinabimus
866 2184 922 2224 de
954 2182 1250 2237 singularibus
1279 2188 1323 2223 et
1353 2181 1589 2223 individuis

107 2256 384 2308 quarundam
416 2254 729 2309 vegetabilium
763 2254 1026 2307 plantarum.
1091 2252 1304 2308 Cognicio
1336 2252 1468 2306 igitur
1490 2264 1588 2305 pro-

48 2427 90 2459 30
162 2407 174 2427 ¹
203 2410 245 2448 id
266 2417 337 2457 est,
359 2422 382 2448 a
401 2407 629 2448 celestibus.

161 2463 175 2483 ²
205 2462 368 2512 scilicet,
390 2476 519 2502 rerum
542 2462 772 2502 inferiorum
792 2462 844 2501 ad
865 2474 945 2501 eos.

162 2519 175 2540 ³
205 2517 366 2566 scilicet,
388 2530 458 2568 per
486 2517 670 2557 virtutem
703 2515 780 2556 Dei
810 2524 849 2555 et
882 2516 1115 2566 angelorum
1136 2522 1175 2554 et
1205 2527 1274 2565 per
1293 2521 1485 2552 naturam
1506 2511 1590 2551 uni-

106 2574 309 2612 versalem.

141 2720 171 2748 ‘1
198 2717 354 2758 Chapter
376 2716 510 2749 lxxxiii.
538 2715 572 2747 V.
