1908 3126
27 351 68 377 Os
78 349 288 383 blood-letting.

207 421 249 462 84
267 431 296 452 a.

25 492 106 518 Take
119 491 219 518 advice
232 493 264 518 os

25 535 62 552 an
75 532 251 553 astronomer

26 560 122 587 before
136 561 232 587 blood-

24 594 136 628 letfing,
149 595 200 622 ἃς.

26 771 73 809 Do
86 777 135 797 not
149 771 187 797 let
201 771 285 797 blood

26 815 54 831 111
68 814 85 832 a
99 814 160 831 new
174 815 268 832 moon.

27 1054 93 1081 Evil
106 1053 184 1087 signs
197 1054 240 1081 sor
253 1056 256 1059 ”

26 1089 235 1122 blood-letting.

206 1269 246 1307 84
265 1268 296 1298 b.

26 1319 131 1346 Watch
147 1320 176 1345 M
182 1329 283 1353 ercury

30 1354 87 1380 and
102 1354 219 1381 Saturn.

29 1416 70 1443 Be
84 1416 149 1443 bled
164 1416 192 1443 in
207 1417 255 1443 the

27 1450 103 1478 third
117 1458 233 1484 quarter
245 1451 278 1477 of

28 1485 76 1511 the
90 1495 183 1512 moon.

29 1663 92 1689 The
106 1662 206 1690 advice
220 1663 251 1690 of

28 1697 106 1724 Bede
119 1698 176 1724 and
194 1698 297 1725 others.

31 1936 91 1962 The
105 1945 221 1963 reasons
235 1936 301 1970 why

29 1971 109 2031 thelse
122 1970 200 2004 signs
213 1979 261 1997 are

28 2014 72 2032 ενι
86 2025 92 2031 .

1012 54 1091 96 108

380 169 628 224 Capitulum
647 181 730 223 ‚30.
748 169 799 211 de
824 177 1010 224 tempore
1018 169 1266 224 flebotomie
1280 176 1323 211 et
1341 163 1657 212 medicinarum
1681 169 1802 211 laxa-

317 242 512 283 lz'vamtm
536 240 902 294 accipiendarum,
925 246 969 280 et
987 240 1326 295 scarificaciom’s
1346 247 1389 282 et
1409 248 1592 282 ventose.

436 339 474 379 T
499 353 554 379 ne
573 339 705 379 facias
729 338 899 391 aperire
915 351 1075 379 venam
1094 352 1174 380 nec
1194 339 1338 380 locum
1357 339 1553 392 aliqu-em
1571 339 1650 379 nisi
1670 337 1804 378 facias

436 410 491 450 de
534 408 716 449 consilio
761 415 805 450 et
841 407 1084 463 voluntalte
1126 409 1319 450 hominis
1361 409 1539 449 scientis
1582 421 1803 464 summam

317 478 554 520 scienciam
588 485 819 528 astrorum,
842 479 948 532 quia
974 479 1112 519 virtus
1145 486 1303 520 nature
1335 477 1598 521 clarificatur
1630 479 1673 519 in
1706 477 1804 520 hoc.
1827 493 1843 526 5

317 548 437 590 Cave
460 548 663 603 igitur‚O
679 548 954 598 Alexander,
968 562 1023 589 ne
1046 562 1247 590 assumas
1270 549 1536 603 medicinam
1553 548 1623 590 vel
1645 561 1804 589 venam

315 619 487 673 aperias
508 619 575 660 ve]
608 619 755 660 locum
786 617 1004 660 scarifices
1033 619 1115 660 nisi
1144 620 1199 660 de
1231 619 1414 660 licencia
1447 618 1632 660 sciencie
1664 625 1806 660 astro-

315 702 427 740 rum,
451 690 557 743 quia
581 689 749 730 utilitas
773 690 962 731 sciencie
987 688 1259 731 medicinalis
1283 689 1505 731 exaltatur
1526 702 1602 730 seu
1626 700 1805 730 comen-

316 761 445 801 datur
489 760 531 800 in
575 759 674 801 hoc.
753 759 799 801 Si
847 759 1038 801 volueris
1082 759 1393 801 fieobotomari
1436 758 1505 799 vel
1548 759 1806 812 sanguinem

317 830 524 879 minuere,
548 844 634 870 non
661 836 905 884 attemptes
937 829 1107 882 aliquid
1141 829 1301 871 horum
1335 828 1477 871 facere
1510 830 1650 870 donec
1684 827 1806 869 novi-

1830 838 1908 864 101¹

316 901 484 942 lunium
516 907 688 942 tantum
722 908 889 942 crescat
922 901 1044 954 quod
1078 901 1254 942 recedat
1283 915 1309 941 a
1340 899 1447 942 Sole
1475 914 1553 954 per
1583 911 1633 949 .4.
1656 898 1724 940 vel
1753 900 1806 940 .6.
1840 906 1856 959 ’θ

314 970 510 1026 gradus.1
578 972 637 1012 Et
660 985 765 1013 cave
789 984 844 1011 ne
867 972 923 1012 sit
943 970 1073 1012 Luna
1096 971 1137 1012 in
1156 970 1316 1021 Tauro,
1334 972 1375 1011 in
1399 970 1568 1012 Cancro
1591 970 1669 1011 vel·
1684 970 1807 1012 Pisce

315 1042 385 1082 vel
416 1042 459 1082 in
494 1041 710 1083 Geminis.
773 1040 833 1082 Et
867 1054 1055 1096 precave
1087 1042 1143 1083 de
1174 1048 1360 1095 aspectu
1396 1037 1516 1081 Solis'
1543 1042 1599 1082 ad
1631 1040 1806 1082 Lunam

316 1113 642 1153 ascendentem.
697 1111 757 1153 Et
781 1111 982 1153 similiter
1003 1125 1103 1153 cum
1128 1110 1256 1153 fuerit
1279 1111 1408 1153 Luna
1431 1112 1473 1152 in
1495 1111 1808 1165 conjunccione

317 1183 514 1224 existens
538 1183 581 1223 in
604 1183 729 1237 signo
752 1181 961 1236 aquoso.2

380 1253 500 1295 Cave
523 1253 662 1294 eciam
683 1267 739 1294 ne
765 1253 897 1294 fuerit
929 1252 1175 1294 Mercurius
1206 1254 1249 1294 in
1274 1250 1628 1307 constellacioffne
1660 1264 1808 1294 ascen-

318 1325 450 1365 dente
472 1324 542 1365 vel
573 1324 659 1365 sibi
687 1323 934 1378 oppositus,
956 1330 1001 1365 et
1028 1323 1229 1365 similiter
1259 1323 1362 1365 dico
1391 1323 1447 1364 de
1481 1322 1686 1364 Saturno.
1749 1321 1809 1363 Et

319 1393 466 1435 utilior
488 1394 698 1435 horarum
722 1394 778 1434 ad
792 1393 1081 1447 apercionem
1096 1407 1307 1435 venarum
1328 1393 1371 1433 in
1390 1393 1548 1434 ultima
1571 1391 1810 1433 medietate

317 1464 480 1505 mensis
512 1463 677 1506 lunaris
708 1471 788 1516 est,
812 1464 873 1504 ita
906 1464 1027 1517 quod
1057 1463 1187 1505 Luna
1217 1463 1272 1504 sit
1302 1463 1469 1505 lumine
1491 1460 1745 1511 diminuta?
1766 1468 1809 1502 et

373 1599 383 1617 ¹
418 1599 513 1636 Hoc
552 1606 622 1644 est,
664 1604 806 1647 quarto
846 1596 911 1635 die
950 1598 1012 1635 vel
1052 1603 1174 1644 sexta,
1214 1595 1307 1646 quia
1351 1595 1491 1646 quinta
1525 1595 1590 1633 die
1630 1606 1712 1632 non
1751 1601 1810 1632 est

318 1653 564 1691 conveniens
586 1653 809 1691 secundum
833 1659 993 1690 sanctos
1014 1659 1052 1690 et
1074 1650 1338 1701 philosophos
1360 1658 1398 1689 et
1419 1658 1571 1701 poetas.
1631 1650 1811 1687 Docetur

318 1707 425 1746 enim
456 1706 496 1745 in
530 1708 796 1745 Ecclesiastica
830 1707 1014 1744 Historia
1056 1707 1168 1745 Bede
1199 1707 1310 1756 quod
1340 1718 1422 1744 non
1453 1714 1512 1744 est
1543 1703 1809 1745 minuendum

1830 1191 1868 1224 Ῑ5

1832 1610 1872 1634 20

315 1762 458 1812 quinta
479 1761 544 1801 die
567 1770 604 1800 et
626 1761 784 1801 Servius
806 1775 852 1800 ac
882 1762 1070 1811 Virgilius
1100 1760 1229 1811 primo
1258 1761 1435 1810 Enoydis
1464 1761 1603 1799 dicunt
1628 1757 1809 1810 quintam
1843 1812 1851 1818 η

316 1818 418 1868 fuge,
443 1824 516 1856 etc.
577 1816 756 1867 Septima
776 1824 910 1855 tamen
934 1817 1050 1855 Luna
1070 1823 1203 1866 potest
1222 1817 1346 1856 homo
1368 1814 1443 1854 sibi
1464 1815 1656 1854 minuere.

415 1872 648 1911 Secundum
685 1873 941 1911 Ptolomeum
981 1871 1021 1909 in
1065 1872 1241 1921 Centzlog
1220 1872 1275 1910 <rio
1314 1872 1479 1921 quando
1519 1871 1634 1909 Luna
1673 1879 1732 1910 est
1770 1870 1810 1909 in

319 1927 503 1966 Geminis
533 1940 615 1965 non
646 1926 769 1965 debet
800 1926 883 1965 fieri
917 1926 1104 1973 minucio,
1143 1927 1236 1976 quia
1266 1934 1362 1964 tunc
1392 1927 1581 1964 humores
1612 1926 1811 1976 superflue

318 1990 481 2020 currunt
512 1983 563 2021 ad
595 1983 730 2020 locum
765 1981 979 2021 humidum
1014 1989 1053 2020 et
1084 1988 1287 2032 generant,
1320 1989 1358 2019 et
1390 1994 1471 2019 non
1502 1981 1553 2019 de
1585 1980 1689 2019 facili
1719 1994 1812 2020 con-

298 2036 519 2089 ⁷stringitur
540 2050 642 2075 vena
663 2044 721 2075 set
752 2036 958 2086 rumpitur,
981 2038 1095 2087 cujus
1125 2049 1285 2075 causam
1316 2035 1503 2086 assignat,
1526 2034 1620 2085 quia
1649 2035 1811 2075 Gemini

319 2093 470 2131 habent
491 2100 717 2142 respectum
741 2105 811 2130 sue
841 2091 995 2130 virtutis
1016 2092 1068 2130 ad
1099 2090 1260 2130 brachia
1290 2098 1330 2129 et
1359 2090 1622 2130 ideo‘natura
1643 2089 1812 2130 excitata

318 2161 388 2197 per
416 2147 602 2185 virtutem
635 2148 750 2185 Lune
780 2154 819 2185 et
855 2146 1119 2185 Geminorum
1151 2145 1510 2196 multiplicancium
1541 2146 1740 2193 humores,
1773 2154 1812 2184 et

318 2201 412 2252 quia
454 2203 569 2240 Luna
612 2201 779 2240 humida
823 2209 882 2240 est
927 2209 965 2240 et
1008 2200 1171 2240 Gemini
1216 2200 1335 2238 nimis
1380 2199 1546 2248 humidi,
1581 2199 1812 2240 transmittit

319 2258 508 2295 humores
528 2257 580 2295 ad
611 2257 744 2294 locum
776 2257 1090 2306 respondentem
1119 2255 1312 2303 Geminis,
1332 2263 1371 2294 et
1401 2254 1466 2294 hic
1496 2262 1555 2294 est
1584 2256 1697 2294 locus
1727 2255 1812 2295 bra-

316 2312 510 2350 chiorum.
573 2312 664 2360 Que
688 2311 799 2362 signa
829 2319 920 2350 sunt
949 2324 1101 2362 aquosa
1128 2323 1249 2361 quere
1279 2311 1319 2348 in
1348 2309 1545 2361 principio
1575 2310 1675 2358 libri,
1698 2318 1737 2350 et
1757 2310 1811 2349 ibi

319 2366 500 2405 invenies
522 2366 703 2405 raciones
725 2365 942 2416 signorum,
966 2374 1004 2404 et
1022 2379 1100 2416 que
1122 2373 1213 2404 sunt
1235 2364 1453 2416 sanguinea
1476 2374 1514 2404 et
1536 2364 1810 2413 melancolica,

320 2435 398 2471 que
431 2421 601 2460 colerica
632 2429 670 2460 et
707 2421 943 2468 fleumadca,
977 2428 1015 2460 et
1050 2420 1229 2460 similiter
1263 2421 1314 2460 de
1346 2419 1604 2470 aspectibus,
1623 2428 1661 2459 et
1696 2422 1810 2470 posui

319 2477 462 2526 figuras
484 2477 641 2514 horum.

373 2532 385 2551 ³
416 2530 578 2578 scilicet,
620 2530 659 2568 in
699 2531 819 2570 tercia
858 2530 1081 2581 septimana
1116 2529 1264 2569 mensis
1304 2529 1370 2569 die
1410 2543 1460 2577 ..4
1497 2530 1558 2568 vel
1598 2539 1709 2568 sexto
1749 2530 1810 2599 vel

320 2584 502 2635 septimo.

363 2731 383 2759 3
410 2720 563 2759 Chapter
579 2720 686 2750 lxxvi.
710 2719 745 2751 V.

1833 1883 1871 1916 ²5

1832 2164 1874 2196 30

1831 2435 1870 2467 35
