1908 3126
39 162 82 188 sor
96 171 144 189 use
159 161 186 188 in

40 204 110 223 war.

41 273 115 306 Rely
129 282 165 299 on
177 281 248 305 your

38 314 96 334 star

40 427 196 453 remember
211 435 267 459 you

40 471 88 488 are
103 461 214 493 mortal‚

41 564 139 590 attend
154 569 184 589 to
197 562 273 589 main

39 598 201 632 principles.

40 785 224 818 Agriculture
245 785 267 812 is

40 821 132 846 better
147 821 214 846 than

40 855 179 888 alchenly.

42 1092 53 1118 I
70 1090 124 1117 will
140 1090 223 1117 teach

40 1135 97 1159 you
113 1126 160 1151 the
175 1124 282 1152 virtues

39 1161 72 1187 of
87 1167 191 1187 stones.

39 1356 101 1381 The
114 1355 207 1381 virtue
226 1355 258 1381 os

42 1391 90 1416 the
105 1390 206 1416 bezoar

269 1451 272 1454 Α
329 1417 635 1472 impedimenti
651 1413 671 1466 ',
696 1416 800 1469 quia
831 1413 1009 1469 stringit
1041 1420 1236 1456 ventum.
1299 1414 1360 1456 Et
1383 1421 1450 1456 est
1478 1414 1665 1456 duorum
1690 1415 1808 1457 colo-

38 1492 126 1519 sound
141 1491 172 1518 in
186 1491 279 1519 China

40 1699 109 1738 used
124 1698 237 1732 against

37 1743 148 1766 pomon-

38 1982 63 2007 It
79 1981 175 2014 brings

38 2016 149 2042 honour

37 2405 95 2432 and
109 2414 257 2439 preserves

38 2439 111 2466 stom
123 2440 261 2475 epilepsy.

37 2649 100 2676 The
114 2649 221 2677 virtues
234 2650 266 2678 of

38 2685 86 2712 the
101 2685 178 2718 pearl

1032 43 1116 87 174

331 151 397 186 est
419 159 476 186 ex
499 144 802 186 instrumentis
832 143 1051 185 bellicosis
1078 142 1329 194 latentibus,
1352 157 1440 198 quo
1462 142 1651 197 expellis
1674 156 1809 184 nocu-
1868 135 1872 142 ’

332 222 533 257 mentum
577 215 621 256 in
662 214 981 269 gubernatione
1023 220 1112 265 tua,
1153 215 1266 256 sicut
1309 215 1533 257 notificavi
1576 215 1669 256 tibi.
1745 216 1812 257 At
1873 270 1877 277 ι

329 292 727 327 sustentamentum
750 286 947 327 omnium
971 287 1152 328 istorum
1177 293 1242 327 est
1272 286 1439 326 bonum
1462 287 1598 339 sydus
1622 286 1811 328 radicale

330 356 372 396 in
395 371 484 410 quo
507 363 635 398 natus
659 370 718 397 es.
782 347 842 397 Et
875 362 1056 410 propter
1087 357 1172 398 hoc
1203 370 1289 397 non
1319 355 1491 409 juvabit
1517 355 1612 415 aliis
1644 357 1811 398 acuties
1877 370 1897 414 ει

329 440 472 480 neque
495 425 770 467 exercitium.
814 425 988 467 Servies
1008 426 1140 480 igitur
1158 426 1302 480 primo
1319 424 1505 467 Viventi
1521 426 1563 467 in
1581 431 1808 469 eternum:
1831 437 1850 470 5
1875 414 1892 470 ξ

329 503 372 537 et
399 497 545 551 cogita
569 497 611 537 in
634 496 780 537 futuro
802 496 947 538 seculo
969 512 1019 539 ac
1042 498 1076 538 si
1097 497 1342 538 moriereris
1364 510 1471 537 cras.
1515 495 1574 537 Et
1597 496 1808 538 idoneum
1878 503 1879 506 ’

328 574 394 608 est
417 567 536 620 quod
561 566 693 609 facias
716 581 783 608 res
805 567 955 609 civiles
977 583 1035 609 ex
1065 568 1213 609 anima
1236 566 1469 608 universali
1488 582 1496 606 :
1531 574 1576 608 et
1599 566 1812 609 thesauri·
1892 614 1895 626 ι

328 637 448 678 zabis
472 637 514 677 in
530 651 581 678 ea
604 637 924 690 particularem.
988 638 1048 679 Et
1071 637 1267 691 intellige
1296 638 1338 678 in
1360 637 1444 678 hoc
1466 637 1580 678 sicut
1601 636 1810 679 idoneum
1873 627 1895 693 ᾗ

328 713 407 757 est,
428 706 592 748 scilicet
615 721 672 748 ex
697 708 825 761 signo
849 713 1025 762 magno.
1884 695 1895 721 ⁵¹

391 775 503 826 (128.
525 776 593 830 G.)
628 769 750 819 Scias
766 777 900 818 etiarn
917 777 1036 831 quod
1053 777 1214 819 chimia
1231 782 1298 819 est
1316 776 1501 818 scientia
1524 790 1610 830 que
1632 791 1719 819 non
1743 785 1812 821 est
1835 793 1879 835 ιοι

327 862 441 889 vera.
506 848 603 888 Nisi
634 841 772 890 aratio
805 856 848 890 et
880 840 1140 898 seminatio:
1172 854 1217 888 et
1251 853 1431 902 propter
1462 847 1546 887 hoc
1581 848 1661 888 erit
1690 862 1811 890 ama-

329 917 456 959 bilior
482 917 620 958 oculis
643 918 754 960 tuis:
789 924 832 960 et
851 918 956 972 ipsis
979 917 1176 971 perficies
1194 911 1238 958 et
1254 917 1425 958 videbis
1443 916 1806 970 gubernationem
1842 961 1851 968 ,
1874 939 1892 967 η

329 994 478 1029 tuam:
511 993 554 1029 et
577 988 797 1029 exaltabis
821 994 1091 1041 potestatem
1116 994 1250 1035 tuam,
1276 987 1444 1027 auxilio
1467 979 1634 1028 divino.
1660 985 1663 988 ’
1725 1007 1727 1009 ·
1867 972 1891 1051 ξι

391 1063 507 1117 (129.
524 1061 594 1118 G.)
642 1062 732 1105 Sed
774 1065 981 1118 quoniam
1024 1064 1067 1104 in
1110 1063 1334 1116 lapidibus
1375 1069 1477 1104 sunt
1519 1065 1811 1118 proprietates
1877 1070 1891 1086 ‘

328 1133 645 1174 memorande:
681 1134 778 1175 ideo
811 1135 1075 1175 recordabor
1107 1134 1321 1175 virtutum
1354 1140 1622 1175 secretarum
1657 1149 1808 1176 eorum
1833 1131 1889 1190 ¹52x

328 1204 371 1244 in
415 1203 573 1257 quibus
615 1204 809 1246 invenies
852 1204 1087 1246 utilitatem
1108 1219 1115 1244 :
1154 1210 1196 1245 et
1234 1204 1583 1258 experimentum
1624 1211 1812 1247 testatur
1883 1191 1888 1199 ⁸

327 1287 458 1328 super
480 1273 577 1315 hoc.

387 1343 500 1398 (130.
518 1343 589 1400 G.)
624 1345 758 1399 Lapis
789 1345 922 1386 bazar'
953 1351 1020 1387 est
1052 1359 1214 1386 nomen
1248 1345 1391 1394 Perse,
1424 1350 1468 1386 et
1512 1345 1804 1398 ‘gubernatio

328 1501 439 1539 rum,
473 1487 639 1528 scilicet
675 1485 816 1527 crocei
850 1485 963 1526 sicut
997 1499 1121 1525 cera:
1155 1491 1199 1538 et
1230 1485 1381 1525 viridis
1413 1485 1525 1526 sicut
1557 1484 1683 1526 oliva.
1748 1485 1809 1526 Et
1831 1495 1873 1518 20

328 1559 523 1599 inventio
547 1571 624 1598 sua
648 1563 715 1597 est
738 1556 780 1596 in
803 1556 930 1597 terris
953 1555 1015 1597 zic
1035 1554 1148 1608 (Sin)
1168 1571 1175 1596 :
1218 1562 1261 1597 et
1286 1554 1430 1596 ferunt
1452 1555 1571 1607 quod
1596 1556 1812 1610 reperitur

326 1629 369 1669 in
409 1628 508 1669 felle
542 1626 742 1668 basilisci.
806 1626 865 1667 Et
898 1632 1130 1680 preparant
1163 1627 1306 1680 ipsum
1339 1626 1592 1677 caliditate3
1625 1632 1808 1682 propter

325 1700 408 1741 hoc
442 1705 508 1740 est
549 1698 691 1738 tenuis
731 1704 869 1739 tactu.
936 1698 1184 1751 Proprietas
1220 1697 1357 1751 ipsius
1399 1703 1465 1738 est
1499 1697 1806 1751 juvamentum

325 1775 478 1811 contra
508 1781 676 1809 venena
702 1767 903 1808 omnium
928 1767 1244 1820 vegetabilium
1275 1774 1319 1808 et
1350 1768 1623 1809 minei-alium
1640 1783 1663 1807 :-
1682 1774 1725 1809 et
1751 1781 1808 1808 ex

328 1853 475 1880 morsu
499 1837 756 1879 animalium
777 1828 1047 1879 minutorum
1065 1845 1109 1879 et
1133 1843 1364 1891 punctura.
1413 1838 1473 1879 Et
1496 1851 1596 1879 cum
1618 1837 1806 1879 bibitum
1830 1841 1870 1876 25

326 1909 456 1951 suerit
474 1922 532 1949 ex
551 1922 603 1949 eo
621 1909 795 1962 pondus
809 1921 1048 1961 granorum
1067 1907 1156 1948 ‚xii
1174 1915 1359 1949 mortem
1379 1907 1502 1957 vitat,
1521 1914 1565 1949 et
1591 1921 1807 1948 venenum

326 1978 524 2020 extrahit
547 1991 625 2032 per
647 1978 869 2018 sudorem.
932 1976 992 2017 Et
1016 1977 1090 2030 qui
1112 1977 1354 2030 portaverit
1378 1977 1523 2031 ipsum
1545 1977 1730 2031 ligatum
1761 1978 1804 2018 in

328 2047 462 2090 anulo
503 2047 793 2088 honorabitur
834 2047 892 2088 ab
933 2046 1142 2088 omnibus
1184 2047 1462 2089 hominibus:
1508 2054 1552 2088 et
1593 2047 1650 2088 ab
1686 2047 1807 2089 omni

329 2117 585 2171 aspiciente.
649 2116 709 2158 Et
743 2117 779 2157 si
813 2115 1109 2170 pulverizetur
1143 2122 1188 2168 et
1224 2101 1459 2171 spargatur
1495 2130 1625 2171 super
1661 2116 1807 2158 locum

329 2201 500 2228 morsus
526 2185 725 2227 animalis
759 2185 983 2235 venenosi,
1006 2185 1225 2227 abstrahit
1255 2200 1474 2227 venenum
1494 2200 1504 2237 ;
1535 2194 1579 2228 et
1602 2187 1637 2227 si
1659 2192 1807 2240 putre·
1828 2194 1870 2226 30

326 2256 450 2297 fieret
487 2255 621 2303 locus,
664 2255 809 2310 ipsum
847 2255 1065 2296 liberabit.
1140 2255 1200 2295 Et
1243 2256 1277 2295 si
1319 2255 1613 2309 pulverizetur
1655 2270 1714 2297 ex
1754 2269 1807 2297 eo

328 2326 516 2380 pondus,
551 2325 594 2379 ij.
633 2338 874 2379 granorum
909 2324 1031 2365 ordei
1069 2330 1112 2365 et
1150 2324 1357 2378 liquefiat,
1398 2332 1442 2366 et
1476 2325 1734 2378 projiciatur
1764 2325 1807 2365 in

325 2410 399 2437 ore
432 2394 640 2446 basilisci,
677 2394 884 2436 interficit
917 2407 1031 2435 eum.
1095 2394 1156 2436 Et
1193 2395 1228 2434 si
1266 2394 1546 2448 suspenderis
1572 2395 1724 2449 ipsum
1761 2394 1806 2435 in

326 2464 438 2507 collo
461 2464 597 2518 pueri,
620 2464 694 2518 qui
718 2477 806 2504 non
828 2470 894 2505 est
917 2477 1071 2518 passus
1095 2463 1260 2504 malum
1284 2465 1500 2505 caducum
1526 2469 1603 2505 aut
1624 2463 1804 2517 aliquod

325 2534 540 2581 accidens,
566 2533 771 2575 liberabit
795 2547 894 2574 eum
918 2533 976 2574 ab
998 2533 1118 2573 omni
1141 2533 1382 2575 accidente.
1826 2539 1867 2574 35

386 2602 590 2657 (131.G.)
644 2603 783 2657 Lapis
827 2601 1091 2657 margarite:
1145 2609 1189 2643 et
1231 2603 1325 2656 ipse
1375 2607 1443 2644 est
1493 2601 1533 2643 al
1579 2601 1710 2655 Jacut
1762 2601 1805 2642 in

326 2672 535 2722 Arabico,
569 2679 634 2713 est
677 2672 857 2727 triplicis
889 2672 1090 2727 generis:
1123 2673 1307 2714 rubeus:
1342 2686 1547 2714 croceus:
1580 2664 1827 2713 arenosuss
