1908 3126
44 133 103 186 R
217 159 260 200 89
276 159 308 190 b.

42 256 67 281 A
80 259 161 282 stone
176 254 268 281 which

42 290 126 317 floats
140 289 167 316 in
180 295 293 316 storms.

44 592 93 618 No
106 599 209 623 enemy
222 599 274 617 can

42 626 127 652 stand
141 625 254 658 against
268 625 304 651 its

42 660 149 686 bearer.

42 747 114 774 Two
121 747 203 774 other
211 752 315 780 stones,

42 781 92 807 red
105 782 162 808 and
177 781 272 814 white,

43 816 132 842 found
147 815 175 842 in
188 816 243 843 salt

44 850 186 878 marshes:

42 953 92 979 the
106 953 193 980 white
206 954 288 981 floats

42 987 115 1014 after
127 995 244 1019 sunsetz

225 1178 314 1211 90a.

42 1238 91 1264 the
105 1239 152 1264 red
168 1239 251 1265 floats

42 1271 71 1299 in
85 1272 222 1306 daytime.

41 1452 105 1479 The
120 1453 169 1479 red
181 1458 263 1479 stone

42 1487 141 1513 makes
154 1487 191 1513 all
205 1487 302 1514 horses

43 1520 128 1554 neigh
136 1530 143 1551 ς

44 1663 92 1689 the
103 1663 190 1690 white
203 1670 285 1691 stone

42 1698 130 1730 keeps
143 1698 221 1725 them

41 1732 136 1759 silent.

42 1875 105 1901 The
117 1880 199 1902 stone
213 1874 240 1902 in
254 1876 303 1902 the

44 1909 144 1936 mouth
157 1910 215 1936 osa

42 1943 157 1977 litigant
170 1944 264 1971 shows

43 1978 92 2004 the
102 1978 207 2011 justice
221 1979 254 2005 os
265 1978 308 2006 his

42 2022 139 2039 cause.

42 2145 104 2172 The
117 2147 227 2180 subject
241 2148 272 2174 of

43 2180 92 2207 the
107 2181 253 2220 following

42 2220 167 2242 treatise.

1039 45 1119 85 118

394 155 642 211 Capitulum
665 157 899 200 secundum
921 159 972 201 de
994 159 1274 205 mirabilibus
1295 163 1523 218 lapidibus.

348 242 492 349 ET
515 242 571 283 de
594 243 867 285 mirabilibus
889 244 1020 300 hujus
1053 249 1204 290 mundi
1228 256 1294 291 est
1316 239 1430 305 lapis
1462 251 1536 296 ille
1556 253 1633 307 qui
1654 262 1824 309 pugnat

453 326 552 353 cum
575 313 702 367 aquis
724 320 768 355 et
790 316 937 356 ventis
958 331 966 355 :
1004 316 1131 359 vides
1147 319 1264 360 enim
1284 334 1514 375 assurgere
1529 337 1668 377 vsuper
1689 337 1826 379 aquas

332 382 510 435 quando
533 389 712 424 currunt
732 397 848 439 aque
870 398 969 426 cum
1002 387 1159 438 ventis,
1182 395 1226 431 et
1255 391 1450 433 nascitur
1478 392 1522 433 in
1550 393 1659 438 mari
1685 394 1826 436 Medi-

331 459 543 495 terlaneo.
629 452 767 507 Cujus
818 456 1064 510 proprietas
1111 463 1178 499 est
1221 459 1328 512 hec;
1381 460 1416 501 si
1467 462 1687 525 airiperis„
1711 464 1825 507 hunc
1843 487 1861 520 5

333 521 529 575 lapidem
552 529 596 564 et
612 524 813 578 posueris
831 525 974 579 ipsum
991 527 1034 567 in
1056 527 1144 569 alio
1161 527 1324 583 lapide,
1346 536 1390 572 et
1404 537 1549 573 tecum
1569 535 1825 587 portaveriS‚
1877 543 1882 547 ”

334 605 423 634 non
440 600 507 635 est
525 593 736 647 possibile
759 596 880 649 quod
897 595 1056 650 aliquis
1079 600 1327 641 excercitus
1344 602 1485 654 possit
1501 603 1659 645 durare
1674 610 1827 647 contra

332 669 377 703 te
398 662 469 704 vel
491 663 572 704 tibi
596 664 808 717 resistere,
832 672 898 706 set
921 665 1060 721 fugiet
1086 668 1406 722 precipitanter
1426 685 1576 714 coram
1600 679 1656 715 te.

393 732 505 775 Sunt
548 739 591 775 et
630 736 719 776 duo
752 734 824 776 alii
868 736 1039 790 lapides
1080 736 1266 792 preciosi
1304 741 1515 783 mirabilis
1550 743 1725 787 virtutis
1752 747 1828 801 qui

332 804 615 847 inveniuntur
655 805 697 846 in
741 804 849 847 locis
890 807 1147 858 tenebrosis,
1199 823 1388 863 quorum
1436 826 1547 854 unus
1590 821 1656 856 est
1700 815 1828 858 albus
1846 838 1883 861 10

333 880 377 915 et
419 874 532 916 alter
572 882 638 917 est
682 877 855 931 rubeus,
894 883 938 918 et
981 878 1259 933 reperiuntur
1291 880 1333 921 in
1375 883 1504 936 aquis
1541 884 1781 928 salinaticis
1796 886 1908 933 1.,-ξ

333 945 500 987 Eorum
525 947 813 1000 operaciones
835 955 939 989 sunt
962 947 1070 1001 hee3
1104 949 1232 991 albus
1264 950 1419 1006 incipit
1450 953 1663 1008 apparere
1695 970 1828 1012 super
1867 946 1870 947 ⁷
1907 948 1908 951 ¹

332 1029 470 1069 aquas
508 1016 551 1057 in
587 1031 746 1058 occasu
781 1017 886 1059 solis
920 1025 963 1059 et
1002 1026 1233 1072 permanet
1276 1020 1319 1062 in
1351 1022 1579 1076 superficie
1610 1039 1826 1080 aquarum

334 1100 472 1139 usque
514 1086 570 1127 ad
613 1088 901 1129 medietatem
940 1089 1084 1131 noctis
1125 1096 1169 1131 et
1211 1096 1317 1132 tunc
1364 1092 1521 1147 incipit
1556 1096 1828 1140 descendere

331 1157 554 1207 deorsum,
586 1164 631 1199 et
661 1157 704 1198 in
733 1165 833 1200 ortu
866 1158 971 1200 solis
1004 1160 1235 1214 proveniet
1266 1163 1322 1204 ad
1356 1163 1653 1218 p1·:ofundum
1680 1165 1686 1223 1
1714 1168 1826 1222 lapis
1849 1189 1883 1224 15

332 1240 437 1268 vero
485 1228 646 1268 rubeus
690 1229 962 1271 contrarium
1007 1237 1230 1285 operatur,
1272 1233 1374 1286 quia
1415 1234 1570 1290 incipit
1612 1251 1826 1293 apparere
1880 1293 1887 1298 Ν

331 1298 374 1337 in
397 1303 496 1339 ortu
519 1297 625 1340 solis
640 1313 779 1353 usque
797 1300 854 1341 ad
875 1300 1167 1342 meridianam
1190 1302 1359 1352 horam,
1382 1310 1427 1345 et
1448 1305 1604 1361 incipit
1626 1308 1827 1351 occidere
1873 1327 1877 1331 ·

332 1381 473 1422 usque
494 1370 551 1410 ad
576 1382 783 1411 occasum
805 1370 920 1411 solis.
986 1371 1165 1412 Horum
1181 1372 1379 1426 lapidum
1403 1377 1699 1430 proprietates
1725 1388 1827 1422 sunt

331 1439 435 1479 hee:
469 1438 505 1479 si
528 1440 814 1493 suspenderis
838 1441 893 1482 de
917 1441 1063 1495 lapide
1082 1443 1220 1484 rubeo
1244 1457 1380 1485 unum
1404 1447 1577 1500 pondus
1599 1449 1766 1491 denarii
1785 1451 1827 1492 in

333 1521 421 1549 uno
444 1522 559 1563 equo
591 1509 655 1551 tui
689 1511 951 1563 excercitus,
976 1513 1079 1566 equi
1109 1514 1359 1556 excercitus
1385 1516 1449 1557 tui
1480 1530 1567 1559 non
1590 1520 1827 1563 cessabunt
1847 1540 1885 1563 20

331 1578 501 1621 hinnire
524 1580 664 1621 donec
688 1581 861 1623 auferas
892 1581 1037 1636 ipsum
1062 1582 1271 1638 lapidem.
1336 1584 1396 1626 Et
1428 1589 1635 1641 operacio
1666 1590 1827 1645 lapidis

332 1648 420 1690 albi
444 1656 512 1691 est
534 1664 613 1704 per
643 1653 917 1694 contrarium
942 1654 1063 1707 quod
1088 1667 1314 1708 nunquam
1339 1656 1538 1700 hinnient
1561 1660 1702 1703 donec
1724 1676 1825 1704 eum

333 1718 475 1760 tollas.
538 1720 712 1763 Valent·
727 1736 833 1777 ergo
857 1722 1051 1765 multum
1075 1725 1133 1766 ad
1166 1724 1349 1766 insidias
1373 1730 1671 1771 excercendas
1702 1738 1746 1773 et
1767 1733 1824 1773 ad

332 1803 445 1843 opus
477 1791 739 1833 excercitus.
804 1792 1057 1847 Proprietas
1100 1794 1285 1836 istorum
1329 1796 1529 1851 lapidum
1562 1806 1630 1841 est
1661 1801 1759 1850 hec:
1790 1803 1826 1843 si

334 1858 424 1898 duo
447 1856 724 1913 litigaverint
747 1860 1015 1911 adinvicem,
1038 1868 1232 1916 ponatur
1252 1863 1379 1905 albus
1409 1864 1519 1919 lapis
1550 1866 1593 1908 in
1619 1882 1695 1910 ore
1715 1869 1825 1912 alte·
1846 1891 1884 1924 25

333 1927 448 1978 rius3
482 1927 516 1968 si
541 1929 580 1970 ei
602 1930 822 1983 pertineat
845 1931 1033 1985 justicia,
1055 1932 1259 1986 loquetur
1279 1933 1596 1989 incontinenti;
1628 1938 1826 1994 alioquin

333 1998 603 2040 obmutescit
626 2001 839 2053 quamdiu
864 2000 993 2043 suerit
1014 2002 1070 2052 ,in
1102 2016 1177 2044 ore
1208 2003 1315 2057 ejus.
1378 2004 1515 2061 Lapis
1537 2021 1642 2050 vero
1664 2010 1826 2052 rubeus
1886 2066 1890 2070 ι

333 2082 410 2122 per
426 2070 697 2111 contrarium
721 2078 942 2125 operatur.
1465 2074 1473 2082 ’

393 2137 453 2180 Et
476 2152 560 2193 ego
582 2141 894 2183 determinabo
916 2141 995 2184 tibi
1020 2142 1314 2197 proprietates
1347 2152 1389 2186 et
1418 2146 1603 2191 virtutes
1626 2149 1824 2203 lapidum

334 2215 378 2249 et
410 2208 843 2253 incantamentorum
876 2218 921 2254 et
954 2212 1011 2253 de
1053 2213 1317 2265 quibusdam
1352 2215 1516 2269 plantis
1548 2218 1590 2259 in
1623 2222 1823 2274 sequenti
1843 2240 1885 2272 30

288 2282 293 2285 “
333 2285 541 2321 tractam.

44 2392 240 2426 Explanation
255 2394 289 2421 os

43 2428 93 2453 the
106 2427 170 2453 four

40 2461 189 2488 humours.

332 2390 370 2421 et
392 2384 603 2423 humorem
623 2397 784 2424 aereum
806 2386 875 2436 qui
896 2394 954 2425 est
976 2387 1015 2425 in
1046 2388 1137 2427 loco
1157 2388 1359 2440 sanguinis
1390 2389 1431 2428 in
1451 2391 1569 2431 rebus
1596 2392 1824 2435 inanimatis
1885 2413 1891 2420 ·

334 2445 450 2476 vocat
484 2451 629 2487 aerem,
667 2447 705 2479 et
737 2441 881 2491 flegma
914 2440 955 2479 in
987 2455 1069 2491 quo
1103 2443 1333 2482 dominatur
1362 2458 1466 2496 aqua
1500 2447 1582 2487 sive
1616 2448 1824 2490 habundat

333 2500 448 2531 vocat
468 2506 627 2544 aquam,
649 2502 688 2534 et
701 2495 1012 2535 melancoliam
1002 2510 1043 2535 m
1060 2511 1140 2547 qua
1160 2498 1390 2538 dominatur
1405 2507 1506 2540 terra
1518 2511 1634 2542 vocat
1653 2512 1826 2554 terram,-

332 2553 371 2585 et
388 2548 469 2619 ¹hoc
489 2549 695 2599 figuratixe
716 2552 941 2589 secundum
963 2551 1245 2602 proprietatem
1268 2554 1387 2604 hujus
1407 2556 1591 2596 sciencie.

388 2601 469 2641 i¹d
491 2611 561 2651 est,
583 2605 694 2643 salsis
715 2606 776 2644 vel
798 2605 969 2645 marinis.
1838 2584 1877 2635 3³⁷

379 2712 392 2732 1
419 2703 575 2744 Chapter
590 2705 710 2737 lxxxii.
735 2706 770 2739 V.
