1908 3126
1049 62 1102 104 82

39 200 134 227 Tnese
147 208 194 226 are
210 199 256 225 me
389 178 659 233 Inpinguant
693 185 737 219 et
765 178 1027 219 humectant
1050 192 1206 232 corpus
1230 179 1337 220 hec:
1369 179 1506 233 quies,
1529 177 1750 225 securitas,
1774 182 1818 218 et

38 234 307 267 thingsthatfmten
493 249 500 256 .
813 248 821 256 .
1189 249 1197 257 .
1359 249 1368 257 .
1533 249 1561 262 ·⁷
1748 247 1756 255 .
1796 247 1805 255 -

39 269 87 294 the
101 268 187 302 body,
329 263 427 291 esus
464 249 665 290 clborum
703 248 900 290 dulcmm
940 247 1012 289 et¹
1051 256 1228 302 potaclo
1266 248 1392 291 lactis
1426 248 1567 290 dulms
1600 255 1644 290 et
1677 247 1819 298 cahd1,

220 331 260 371 65
276 331 310 363 b.
330 319 504 374 potacio
522 319 609 360 vini
633 319 785 368 dulcis,
802 325 846 360 et
869 319 1132 361 dormitacio
1155 325 1256 372 post
1278 317 1670 373 commestionenr}
1690 331 1820 373 supra

330 395 575 430 stramenta
597 389 749 430 mollia
772 396 816 430 et
844 389 1093 430 odorifera²
1116 389 1158 429 in
1190 389 1297 430 locis
1327 402 1377 430 ac
1406 388 1685 444 temporibus
1717 401 1820 430 con·

41 476 272 503 Bathsossweet
331 459 621 507 venientibus,
645 466 688 500 et
711 459 929 513 ingressus
953 459 1213 500 balneorum
1240 459 1436 500 dulcium
1459 460 1688 512 aquarum,
1711 465 1756 500 et
1777 458 1819 499 in
1842 478 1870 510 5·

42 516 151 538 ‘'at“‘S'
334 529 416 569 illis
437 529 572 571 sessio
597 529 772 570 modica
790 537 838 570 ut
856 543 1017 582 corpus
1034 544 1059 570 a
1075 528 1234 570 balneo
1256 542 1343 569 non
1367 528 1575 570 balneum
1593 543 1619 569 a
1637 542 1822 583 corpore

333 599 647 640 humiditatem
666 599 867 652 accipiat,
883 606 928 641 et
945 613 999 640 ne
1017 599 1306 640 diuturnitate
1324 597 1471 640 balnei
1489 613 1649 653 corpus
1667 598 1822 640 debili·

42 681 176 708 Pleasant
191 680 296 706 odours
331 676 460 711 tetur.
508 668 706 710 Odorem
731 670 929 710 senciant
945 670 1036 711 sive
1053 670 1295 711 odorentur
1311 669 1353 709 in
1373 683 1426 711 eo
1444 669 1581 710 herbe
1604 668 1821 710 odorifere
1875 693 1879 697 -

41 715 175 742 ⁰fherbs'
333 747 376 780 et
399 739 610 793 quicquid
634 739 737 780 boni
760 739 909 780 odoris
935 740 1076 788 fuerit,
1099 753 1235 780 unum
1261 740 1471 793 quodque
1494 739 1611 780 enim
1634 738 1822 792 tempori

333 817 375 850 et
412 810 648 863 unicuique
684 810 857 864 corpori
895 823 1152 864 congruum,
1186 815 1232 850 ut
1266 809 1308 849 in
1341 808 1503 863 hyeme
1536 808 1824 850 absinthum³
1845 826 1883 850 10

332 880 451 933 quod
487 886 553 920 est
585 878 818 933 cujusdam
855 880 975 921 floris
1007 880 1188 933 species,
1211 878 1280 920 vel
1312 879 1448 920 herbe
1482 879 1625 920 calide
1656 886 1824 928 nature,
1869 899 1871 901 ·

333 964 430 991 rose
465 950 642 1003 quidem
683 957 725 990 et
758 950 874 991 viole
913 958 956 991 et
994 950 1203 1004 quicquid
1238 956 1391 990 nature
1427 949 1583 1002 frigide
1616 948 1744 1003 fuerit
1781 949 1822 989 in
1853 954 1862 961 ’

334 1026 486 1061 estate.

41 1106 138 1133 Vomit
152 1115 251 1133 oncea
394 1090 696 1132 Excerceatur
716 1089 909 1131 vomitus
927 1090 1064 1131 semel
1089 1090 1131 1131 in
1155 1103 1422 1144 unoquoque
1443 1103 1602 1141 mense,
1627 1089 1824 1130 maxime

41 1141 308 1202 iiissnstiissqffifffie
333 1160 375 1200 in
408 1167 561 1202 estate.
623 1160 835 1201 Vomitus
873 1162 988 1201 enim
1026 1161 1143 1202 lavat
1175 1160 1332 1214 corpus
1369 1167 1413 1202 et
1450 1160 1746 1210 stomachum,
1781 1166 1825 1201 et
1847 1167 1886 1214 15·

332 1238 492 1286 purgat
524 1244 624 1272 eum
659 1230 715 1272 ab
748 1231 1009 1273 humoribus
1042 1231 1246 1286 pessimis
1275 1238 1319 1272 et
1353 1231 1552 1285 putridis.
1617 1230 1664 1272 Si
1697 1231 1823 1284 pauci

333 1301 491 1342 fuerint
514 1301 724 1343 humores
752 1303 794 1342 in
828 1302 1087 1353 stomacho;
1122 1302 1443 1343 confortabitur
1471 1301 1591 1342 calor
1622 1302 1677 1342 ad
1701 1301 1825 1355 dige-

333 1373 519 1412 rendum
554 1373 688 1423 cibos,
711 1386 871 1427 corpus
905 1373 1169 1427 irrigabitur,
1192 1379 1236 1413 et
1269 1372 1527 1426 implebitur
1559 1371 1825 1413 humiditate

43 1453 246 1493 Pxeasurersa
334 1449 377 1483 et
408 1442 701 1496 pinguedine3
736 1449 780 1483 et
814 1443 956 1483 multo
987 1443 1142 1483 melius
1169 1456 1220 1484 ac
1249 1441 1397 1483 utilius
1427 1441 1521 1491 erit,
1554 1442 1587 1482 si
1619 1454 1719 1483 cum
1742 1441 1824 1482 hac

41 1489 117 1548 {1⁰3¹
132 1489 218 1514 me‘h'
334 1512 626 1566 disposicione
644 1514 874 1567 contingat
893 1513 1059 1554 habere
1073 1513 1283 1567 gaudium
1303 1518 1346 1553 et
1365 1512 1559 1554 leticiam
1575 1519 1620 1553 et
1637 1511 1823 1566 gloriam
1846 1526 1884 1550 20

334 1588 378 1622 et
406 1582 540 1623 risum
565 1583 848 1634 mediocrem,
868 1590 911 1624 et
935 1585 989 1624 de
1013 1583 1198 1624 inimicis
1221 1583 1464 1631 victoriam,
1482 1589 1527 1624 et
1549 1592 1672 1636 spem
1691 1588 1825 1636 atque

337 1652 543 1693 fiduciam
570 1654 612 1693 in
636 1653 766 1707 plebe
796 1668 886 1704 sua,
910 1660 953 1694 et
978 1654 1019 1694 in
1044 1652 1160 1695 ludis
1191 1660 1233 1694 et
1265 1653 1307 1693 in
1337 1653 1578 1694 visionibus
1601 1652 1826 1700 delectari,

224 1725 266 1757 66
283 1737 316 1758 a.
335 1728 378 1763 et
400 1722 531 1763 facies
554 1723 728 1777 pulcras
752 1724 959 1777 aspicere,
978 1722 1021 1764 et
1044 1723 1178 1765 libros
1202 1721 1495 1777 delectalbiles
1514 1723 1658 1778 legere
1672 1720 1700 1773 4,
1724 1735 1823 1764 cum

333 1791 503 1835 dilectis
547 1793 698 1842 ridere,
732 1800 885 1835 cantus
923 1794 1207 1835 suavissimos
1240 1800 1284 1834 et
1316 1792 1627 1835 delectabiles5
1659 1792 1824 1843 audire,

332 1864 610 1905 vestimentis
642 1864 821 1918 optimis
856 1872 898 1905 et
937 1864 1135 1906 colorum
1176 1865 1387 1905 varietate
1433 1863 1581 1905 tinctis
1614 1863 1750 1912 indui,
1782 1869 1825 1904 et
1846 1874 1908 1919 25ss

334 1933 567 1987 unguentis
590 1935 771 1988 optimis
795 1935 899 1989 ungi
924 1935 1202 1990 temporibus
1226 1934 1444 1988 congruis.
1907 1930 1908 1936 ’

392 2003 461 2045 De
490 2006 812 2046 macerantibus
841 2013 993 2060 corpus
1023 2013 1065 2046 el
1094 2005 1406 2049 desiccantibns
1429 2012 1472 2046 et
1501 2002 1827 2046 debilitantibus
1906 2032 1908 2049 .

332 2075 480 2117 nimis.
1007 2064 1011 2065 ⁷
1906 2065 1908 2121 l

45 2159 297 2193 Thingsthatdry
396 2145 435 2185 E
478 2152 631 2186 contra
670 2153 834 2197 autem,
866 2147 946 2187 hec
990 2154 1213 2188 macerant
1258 2153 1302 2187 et
1335 2146 1558 2187 desiccant
1588 2157 1749 2199 corpus
1781 2151 1824 2186 et

44 2193 283 2262 Γιῗεῗεέῑζῖεὲώεῃ
335 2215 599 2257 debilitant:
633 2217 868 2258 comedere
893 2218 1118 2258 modicum
1146 2224 1191 2258 et
1222 2217 1371 2258 bibere
1398 2215 1602 2266 multum,
1623 2216 1824 2257 laborare
1845 2230 1884 2264 30

337 2292 380 2328 et
404 2286 655 2339 frequenter
677 2293 795 2328 stare
817 2288 873 2329 ad
904 2287 1057 2338 solem,
1082 2294 1127 2329 et
1156 2294 1286 2328 extra
1309 2300 1559 2328 mensuram
1584 2285 1823 2337 ambulare,

335 2363 378 2398 et
401 2357 592 2398 dormire
622 2363 727 2399 ante
759 2358 992 2412 prandium
1015 2371 1146 2412 supra
1176 2364 1421 2398 stramenta
1450 2357 1574 2404 dura,
1597 2355 1823 2407 excedere,

43 1645 173 1673 Suitable

42 1681 196 1714 pleasures.

395 2493 405 2513 ¹
431 2500 486 2531 ut.
653 2492 667 2513 2
695 2493 903 2532 odoriferis
923 2493 1072 2544 frigidis
1093 2500 1131 2532 et
1153 2492 1328 2532 humidis
1350 2491 1603 2532 mediocriter
1620 2499 1765 2531 tamen.

390 2548 402 2569 ³
432 2547 602 2586 dubium
623 2556 683 2587 est
704 2548 813 2595 mihi,
835 2548 927 2587 licet
949 2549 989 2587 in
1010 2547 1198 2587 omnibus
1219 2548 1511 2598 exemplaribus
1532 2547 1588 2586 sic
1607 2546 1752 2586 i'nveni.

390 2604 402 2623 ⁴
431 2601 626 2652 inspicere
647 2605 708 2642 vel
728 2603 878 2642 audire.
1043 2604 1057 2624 ⁵
1086 2601 1352 2642 dulcissimos.
1835 2621 1880 2662 ‚³⁵
1901 2598 1904 2640 ἶ

383 2745 396 2767 1
422 2736 577 2776 Chapter
593 2736 686 2767 xlvii.
709 2736 748 2769 V.
885 2747 924 2776 27
951 2737 1107 2777 Chapter
1124 2736 1232 2767 xlviii.
1252 2735 1288 2769 V.
