1908 3126
797 160 851 202 59

0 263 1 311 i
85 269 192 310 festa
226 267 380 313 futura,
420 266 753 319 solempnitates
793 266 1027 316 mensium,
1060 279 1233 306 cursum
1272 265 1560 319 planetarum,
1579 277 1730 304 :mdkneu-
1746 278 1793 303 me

0 274 1 291 l

1579 321 1678 338 course
1692 311 1723 337 of

85 350 237 379 causas
255 336 573 377 abreviacionis
590 336 675 376 diei
694 342 737 376 et
756 336 895 376 noctis
914 342 956 375 et
975 335 1266 376 revolucionis
1281 335 1558 389 planetarum
1578 353 1751 378 astronom„

85 406 274 460 Plyades
320 412 363 447 et
407 406 578 456 Boetes,
621 406 858 447 brevitates
900 404 1160 446 circulorum
1210 404 1394 454 dierum,
1436 404 1561 458 signa

83 476 306 518 stellarum
331 475 573 517 indicancia
592 474 849 524 futurorum,
868 481 910 516 et
933 474 1017 516 alia
1037 474 1206 515 infinita
1229 488 1315 528 que
1337 473 1560 527 pertinent

46 566 63 598 5
83 547 139 588 ad
167 546 382 600 judicium
416 545 659 586 futurorum
695 550 738 585 et
775 550 913 585 artem
947 544 1231 597 superiorum.
1294 543 1442 596 Quam
1476 541 1561 583 vile
1578 552 1807 619 Ξῖῗζῖξὲῗὲῑῑὲιι

83 615 214 669 igitur
246 623 312 657 est
345 615 464 668 quod
494 614 649 656 famosi
679 619 722 655 et
753 627 876 655 senes
900 614 942 654 in
968 613 1114 655 studio
1138 613 1343 666 ignorant
1375 614 1452 654 hec
1476 626 1560 667 que
1579 626 1685 660 guento
1698 621 1732 646 be

83 685 228 739 puelle
250 684 450 725 solebant
473 685 592 725 scire.
1579 661 1720 689 worant-

146 792 393 848 Capz'lnlmu
423 806 503 835 ΔΙ.
537 794 587 835 de
618 794 823 835 cavendis
856 792 1110 835 mulieribus
1140 799 1182 834 et
1223 793 1399 833 venenis
1429 799 1472 833 et
1508 792 1561 834 ab

81 865 201 905 omni
220 863 520 906 immundicia.

24 960 62 984 10
226 945 499 996 Alexander,
523 958 746 999 nunquam
776 945 973 986 confidas
1003 945 1045 984 in
1068 943 1276 997 operibus
1299 949 1342 983 et
1366 943 1559 984 serviciis
1578 941 1850 1007 gdegfg'gi‘ffivgfflgn,

205 1014 436 1056 mulierum
456 1029 508 1055 ne
531 1016 786 1056 committas
804 1021 848 1054 te
872 1013 967 1054 illis.
1023 1013 1082 1053 Et
1100 1013 1135 1053 si
1157 1013 1392 1054 necessitas
1407 1013 1559 1066 exigit,

82 1084 142 1125 illi
175 1092 219 1126 te
252 1085 506 1126 committas
537 1098 624 1139 que
656 1083 798 1125 fidelis
831 1090 873 1125 et
906 1083 1068 1124 dilecta
1100 1082 1295 1124 creditur
1329 1094 1424 1123 esse
1464 1082 1558 1133 tibi,

82 1155 183 1208 quia
205 1155 312 1195 dum
337 1154 493 1195 mulier
515 1161 675 1195 tractat
698 1162 820 1196 tuam
844 1166 1091 1208 personam,
1115 1153 1227 1194 scias
1249 1158 1294 1194 te
1317 1166 1411 1193 esse
1433 1152 1559 1205 quasi
1579 1150 1840 1211 {ffstffgfflgssgjife

81 1224 305 1278 quoddam
331 1225 596 1279 dispositum
619 1230 663 1265 et
685 1225 970 1265 commissum
993 1223 1112 1277 apud
1140 1237 1250 1272 eam,
1273 1222 1376 1276 quia
1404 1222 1447 1262 in
1470 1221 1559 1261 suis
1581 1218 1691 1252 light&-

26 1308 61 1341 ¹5
83 1294 283 1335 manibus
306 1301 371 1335 est
392 1295 483 1335 vita
506 1301 593 1335 tua.

56 1362 60 1365 ’
139 1364 208 1405 De
227 1364 430 1405 cavendis
451 1365 637 1406 venenis.

140 1433 269 1482 Cave,
293 1448 398 1476 cave
422 1433 646 1476 mortifera
667 1447 847 1485 venena,
870 1447 957 1474 non
980 1433 1097 1474 enim
1121 1431 1336 1486 incipiunt
1358 1431 1558 1472 homines
1579 1447 1695 1473 sseware
1708 1448 1740 1473 of

1598 1481 1676 1508 oison
1688 1492 1692 1508 z
1712 1491 1797 1513 many

81 1504 136 1544 de
165 1517 291 1545 novo>
311 1517 526 1545 venenare
546 1521 553 1545 :
590 1510 744 1545 notum
776 1510 841 1544 est
868 1503 1081 1557 quoniam
1096 1499 1111 1524 1
1140 1501 1380 1542 multitudo
1404 1515 1556 1555 regum
1578 1491 1825 1575 Eiqfffflavedoed

1580 1560 1595 1576 O
1621 1559 1628 1576 l
1645 1571 1650 1576 .

79 1573 147 1615 vel
188 1574 470 1615 dominorum
513 1574 699 1616 aliorum
741 1573 1093 1628 anticipaverunt
1146 1572 1265 1612 diem
1311 1571 1472 1621 mortis,
1516 1578 1559 1612 et

23 1657 62 1680 20
80 1644 379 1685 occubuerunt
398 1641 413 1665 ²
436 1644 697 1698 pocionibus
720 1656 1003 1685 venenorum.

138 1713 178 1755 O
222 1714 497 1764 Alexander,
535 1715 578 1755 in
621 1727 706 1755 uno
746 1713 920 1754 medico
954 1725 1042 1753 non
1081 1710 1302 1752 confidas:
1349 1711 1559 1763 quoniam
1579 1718 1837 1745 Tru>tnotiuone

1580 1753 1639 1778 sole
1653 1753 1731 1779 leech

81 1797 190 1825 unus
222 1784 420 1825 medicus
450 1790 607 1837 potens
636 1790 702 1825 est
730 1782 735 1839 Ι
763 1784 821 1824 ad
852 1782 1101 1824 nocendum
1129 1787 1172 1821 et
1199 1781 1254 1822 de
1280 1779 1395 1821 facili
1422 1780 1559 1822 audet
1581 1797 1621 1829 50
1640 1789 1669 1820 b.

81 1853 249 1907 nephas
287 1867 540 1908 presumere
576 1860 620 1895 et
663 1853 803 1895 scelus
841 1850 1092 1894 deducere³
1128 1852 1185 1892 ad
1227 1850 1446 1891 effectum.
1513 1850 1560 1892 Si
1579 1859 1715 1885 buthave
1729 1868 1745 1884 a

1580 1893 1706 1925 number,

81 1923 230 1977 itaque
259 1929 409 1977 potest
441 1922 533 1964 fieri
556 1923 675 1977 quod
699 1923 786 1964 sint
813 1923 967 1964 decem
999 1934 1087 1962 non
1109 1921 1194 1961 sint
1222 1920 1379 1969 minus,
1403 1928 1469 1961 set
1493 1919 1560 1960 fac

22 2005 59 2038 25
81 2006 157 2035 eos
186 2007 338 2035 omnes
368 1993 600 2035 convenire
632 1994 675 2034 in
703 2006 854 2033 unum.
918 1992 979 2032 Et
1010 1992 1043 2032 si
1069 1990 1284 2032 sumenda
1306 1989 1434 2030 fuerit
1458 2003 1558 2030 cum
1579 2003 1778 2029 andietthem

1579 2044 1624 2064 act
1639 2037 1666 2064 in
1680 2037 1821 2064 consulta-

83 2063 311 2112 medicina,
350 2063 439 2105 noli
486 2063 746 2105 sumerenisi
789 2063 845 2104 de
887 2061 1070 2103 consilio
1113 2060 1418 2115 plurimorum.
1501 2059 1559 2100 Et
1579 2071 1649 2098 tion.

83 2146 151 2174 res
193 2132 473 2174 medicinales
513 2133 704 2175 debeant
751 2132 935 2186 adquiri,
972 2130 1109 2172 debes
1144 2130 1309 2171 habere
1349 2127 1840 2207 fidelem42sg10etfigggg30san

81 2201 221 2243 virum
261 2210 599 2258 cognoscentem
638 2216 798 2258 genera
835 2202 1081 2256 specierum
1123 2206 1166 2241 et
1203 2199 1452 2254 qualitates,
1486 2213 1560 2253 qui

82 2271 213 2314 debet
243 2272 392 2314 omnia
417 2287 504 2326 que
531 2280 633 2314 sunt
662 2273 904 2314 necessaria
935 2272 977 2312 in
1005 2270 1330 2324 composicione
1356 2269 1561 2324 colligere

22 2409 62 2442 30
135 2401 146 2422 ¹
177 2403 250 2448 vel,
272 2411 432 2452 quanta.

136 2457 148 2477 ²
177 2457 298 2504 aliter,
323 2464 362 2495 et
383 2458 459 2495 hoc
479 2457 754 2497 attribuerunt.

135 2512 148 2531 ³
177 2510 338 2558 scilicet,
361 2512 455 2551 dare
474 2525 686 2552 venenosa.
714 2530 723 2540 ·

135 2567 148 2587 ⁴
179 2565 319 2615 Qualis
340 2566 460 2606 debet
481 2579 567 2606 esse
587 2566 790 2606 herbarius
812 2568 873 2605 vel
893 2565 1182 2616 apothecarius.

68 2727 79 2735 ·
127 2676 166 2719 xo
189 2688 343 2728 Chapter
360 2688 455 2718 xxix.
477 2688 511 2720 V.
651 2699 690 2719 21
718 2688 871 2728 Chapter
888 2698 970 2718 xxx.
994 2687 1030 2718 V.

128 2809 190 2839 5—7
217 2801 224 2815 ‘
237 2798 348 2838 Quam
367 2823 376 2832 .
393 2823 401 2831 .
420 2825 428 2832 .
446 2799 536 2830 scire
552 2800 574 2837 ’‚
592 2799 770 2840 evidently
784 2810 803 2830 a
822 2804 903 2830 note
920 2799 966 2839 by
985 2799 1113 2830 Bacon.
