1908 3126
389 370 579 438 Incipit
597 378 730 438 pars
754 372 913 422 tercia
945 371 1106 439 liujus
1141 371 1261 423 libri
1298 371 1360 423 de
1392 370 1815 423 consideraciom'-

320 455 416 506 bus
439 460 486 506 et
509 456 724 509 utilibus
750 457 1022 525 reipublice
1047 463 1094 509 et
1118 475 1403 526 regnorum
1429 459 1536 508 sive
1560 445 1815 508 nalurczlz‘-

320 539 417 591 bus
439 541 547 591 sive
572 542 877 607 moralibus
909 545 1057 612 cujus
1081 543 1366 612 capitulum
1390 544 1631 612 primum
1657 545 1731 592 est
1754 538 1817 590 de

319 624 659 679 alleimisticis.
699 627 704 694 Ι

236 753 252 786 7
294 770 300 776 -
538 741 578 782 E
610 743 953 798 proprietatibus
981 752 1024 787 et
1053 745 1342 799 qualitatibus
1371 750 1415 785 et
1442 742 1681 784 virtutibus
1707 754 1813 794 qua-
1835 760 1853 793 5

163 834 177 850 e
205 834 221 850 ο
348 742 530 930 D
548 814 732 856 rundam
761 814 1013 867 herbarum,
1041 822 1085 856 et
1115 816 1171 857 de
1204 828 1355 856 earum
1390 812 1672 865 utilitatibus,
1692 809 1814 852 brevi

546 889 739 927 tractatu
771 887 813 927 in
846 886 1131 940 sequentibus
1163 883 1571 926 determinabimus.
1636 882 1688 922 In
1719 879 1817 922 aliis
1850 936 1859 944 ,

200 978 287 996 ames
320 953 542 1007 siquidem
566 954 686 997 libris
718 957 881 999 nostris
913 956 1042 1011 plene
1075 957 1131 998 de
1164 955 1511 1010 proprietatibus
1543 952 1746 1009 lapidum
1770 958 1815 994 et
1875 955 1877 957 ’

320 1024 483 1066 viribus
512 1025 746 1067 herbarum
770 1033 813 1068 et
836 1028 1005 1069 naturis
1026 1027 1278 1081 plantarum
1296 1025 1628 1073 declaravimus,
1649 1029 1693 1065 et
1714 1022 1816 1065 ideo

321 1108 407 1148 que
429 1108 545 1137 nunc
568 1103 669 1137 sunt
684 1097 873 1139 dicenda
893 1099 949 1139 de
966 1097 1128 1153 plantis
1146 1104 1190 1138 et
1212 1097 1268 1139 de
1282 1095 1504 1151 lapidibus
1525 1100 1740 1149 quantum
1758 1094 1816 1136 ad
1838 1111 1877 1134 10

319 1179 499 1219 presens
540 1180 653 1220 opus
694 1166 929 1209 sufficiunt.
994 1167 1073 1210 Set
1116 1167 1226 1209 scire
1263 1166 1408 1215 debes,
1454 1165 1495 1208 O
1538 1163 1817 1214 Alexander,

320 1236 440 1288 quod
473 1236 585 1278 sicut
619 1237 662 1278 in
695 1237 858 1292 plantis
891 1238 1031 1280 divise
1050 1237 1064 1262 1
1097 1243 1200 1279 sunt
1232 1244 1389 1279 nature
1421 1236 1682 1289 diverseque
1701 1234 1817 1276 vires

320 1305 531 1347 divinitus
573 1306 723 1358 indite,
767 1308 828 1349 sic
868 1316 910 1350 et
955 1309 998 1349 in
1043 1307 1267 1363 lapidibus
1310 1307 1483 1348 diverse
1536 1305 1827 1346 inveniuntur⁴

321 1376 489 1430 species
512 1383 556 1418 et
577 1377 776 1429 virtutes,
798 1392 985 1432 quarum
1017 1378 1335 1432 pulcritudines
1363 1384 1406 1418 et
1429 1375 1644 1418 utilitates
1669 1375 1816 1429 precio

323 1445 644 1489 inestimabiles
687 1449 885 1491 maxime
936 1456 979 1491 et
1025 1447 1327 1504 principaliter
1373 1447 1643 1489 conveniunt
1696 1458 1874 1500 reg1e15

30 1499 75 1584 {or
51 1498 270 1586 Ιζίυπῗ
212 1529 263 1550 1at
266 1523 304 1551 nd
325 1517 589 1570 magestati;
621 1519 886 1561 decorantur
902 1533 1056 1574 regum
1082 1519 1339 1561 diademata
1361 1517 1580 1573 lapidibus
1597 1517 1816 1571 preciosis,
1878 1521 1886 1526 “

323 1601 512 1642 quorum
564 1588 863 1643 pulcritudine
914 1591 1033 1631 visus
1086 1589 1280 1644 juvatur,
1331 1588 1506 1630 animus
1558 1587 1817 1636 delectatur,

322 1657 517 1711 dignitas
550 1665 757 1708 ornatur;
791 1667 836 1702 et
870 1673 1023 1702 eorum
1056 1660 1223 1701 virtute
1256 1658 1517 1714 gravissime
1543 1657 1817 1711 egritudines

321 1742 346 1769 a
389 1729 647 1782 corporibus
689 1730 987 1784 expelluntur,
1029 1730 1124 1771 sine
1161 1729 1319 1783 quibus
1353 1742 1510 1784 parum
1552 1727 1708 1768 efficax
1750 1734 1816 1769 est
1879 1769 1882 1771 .

323 1798 543 1840 medicina
562 1812 570 1849 3
603 1806 647 1841 et
670 1800 771 1841 ideo
787 1807 969 1842 utuntur
987 1800 1147 1842 medici
1171 1799 1231 1841 eis
1250 1800 1292 1840 in
1312 1798 1542 1841 medicinis‘
1563 1798 1618 1839 ad
1638 1798 1816 1839 morbos
1838 1810 1878 1834 20

324 1868 608 1922 gravissimos
654 1870 957 1924 expellendos.
1022 1871 1182 1925 Ingens
1219 1884 1323 1912 vero
1354 1870 1494 1910 virtus
1527 1875 1572 1910 et
1605 1867 1817 1910 mirabilis

298 1945 417 1981 ,tam
453 1940 497 1980 in
530 1939 692 1993 plantis
723 1955 857 1994 quam
891 1941 933 1982 in
966 1941 1185 1995 lapidibus
1217 1947 1282 1982 est
1310 1940 1487 1990 collata,
1510 1945 1577 1980 set
1608 1936 1817 1993 hulmano

269 2040 273 2042 ἡ
325 2010 475 2064 generi
498 2016 565 2052 est
587 2010 774 2053 occulta.
853 2011 933 2053 Set
957 2025 1037 2058 nos
1061 2011 1103 2052 in
1126 2011 1239 2052 libro
1262 2010 1313 2051 de
1335 2008 1552 2064 lapidibus
1572 2014 1616 2049 et
1638 2008 1682 2049 in
1704 2007 1816 2050 libro
1853 2003 1857 2009 ’

322 2080 375 2122 de
380 2080 556 2134 plantis
573 2081 862 2135 exposuimus
885 2095 1038 2123 eorum
1058 2081 1355 2136 proprietates
1369 2080 1543 2134 plen'ius
1558 2085 1601 2120 et
1617 2079 1816 2121 virtutes.
1883 2129 1886 2132 .

387 2151 609 2206 Inprimis,
658 2151 698 2193 O
742 2151 1021 2200 Alexander,
1064 2149 1240 2193 tradere
1281 2151 1362 2191 tibi
1404 2150 1507 2192 volo
1549 2155 1815 2191 secretorum
1837 2163 1874 2198 ²⁵

326 2221 575 2262 maximum
609 2227 847 2271 secretum,
889 2228 932 2263 et
967 2221 1116 2262 divina
1153 2220 1360 2275 potencia
1391 2219 1518 2273 juvet
1551 2225 1596 2260 te
1632 2219 1689 2260 ad
1722 2232 1817 2273 per-

240 2316 255 2333 e
324 2288 560 2331 ficiendum
591 2292 881 2346 propositum,
904 2297 947 2333 et
973 2291 1027 2332 ad
1052 2291 1287 2332 celandum
1315 2290 1569 2331 archanum.
1643 2287 1817 2343 Accipe

325 2374 432 2415 ergo
459 2361 653 2414 lapidem
675 2361 927 2412 animalem,
948 2361 1258 2415 vegetabilem,
1281 2367 1325 2402 et
1347 2360 1613 2418 mineralem,
1630 2360 1706 2413 qui
1728 2372 1817 2402 non

326 2437 392 2472 est
415 2430 539 2485 lapis,
562 2444 641 2473 nec
665 2431 802 2473 habet
830 2438 1033 2473 naturam
1057 2430 1228 2485 lapidis,
1292 2430 1353 2472 Et
1386 2430 1470 2472 iste
1500 2429 1612 2485 lapis
1645 2429 1816 2472 assimi-

325 2499 442 2541 latur
456 2501 794 2554 quodammodo
808 2501 1032 2556 lapidibus
1050 2500 1272 2543 moncium
1293 2500 1571 2552 minerarum‚
1585 2506 1629 2542 et
1643 2499 1816 2554 planta·
1837 2520 1878 2554 30

382 2605 391 2624 ¹
424 2605 496 2651 vel,
520 2605 686 2643 diverse.

371 2712 392 2743 5
418 2703 570 2743 Chapter
586 2703 693 2734 lxxix.
716 2701 752 2734 V.
891 2712 933 2743 25
958 2702 1114 2744 Chapter
1130 2702 1223 2735 lxxx.
1248 2703 1284 2734 V.
