1908 3126
212 384 280 415 8b.

1032 50 1083 92 16

301 178 396 217 celis
420 177 668 228 imaginatus,
692 189 766 215 nec
788 182 920 226 potest
950 174 1086 225 perfici
1116 182 1248 214 motus
1277 174 1350 213 iste
1378 173 1453 212 nisi
1480 173 1520 212 in
1543 172 1700 224 triginta
1728 186 1795 212 sex

302 243 463 283 milibus
482 256 692 290 annorum,
716 249 754 281 et
776 243 868 281 ideo
888 241 1044 280 videtur
1071 241 1182 291 quod
1205 253 1411 291 nunquam
1440 239 1676 291 perficietur,
1700 238 1794 290 quia

300 324 383 350 non
404 309 578 349 creditur
605 309 715 359 quod
737 315 892 347 tanturn
920 308 992 346 erit
1021 320 1044 345 a
1064 306 1261 358 principio
1283 305 1423 345 mundi
1449 318 1575 356 usque
1597 304 1637 343 in
1658 306 1793 353 finem,

301 385 360 416 set
399 378 517 427 longe
545 375 548 423 Ι
576 375 718 414 minus.
798 375 942 414 Celum
978 386 1071 412 vero
1112 372 1270 412 Saturni
1308 385 1445 423 grossa
1483 369 1794 422 computacione

301 444 454 494 perficit
486 449 641 481 motum
673 454 789 479 suum
823 439 864 477 in
894 446 1064 489 utroque
1095 438 1260 478 zodiaco
1292 438 1331 476 in
1361 435 1437 488 .36.
1467 436 1609 485 annis;
1639 436 1795 487 Jupiter

302 509 342 547 in
377 507 595 548 duodecim
626 505 769 554 annis3
800 507 910 544 Mars
942 504 983 543 in
1023 505 1207 553 duobus3
1242 506 1310 544 Sol
1342 504 1382 542 in
1413 516 1546 551 anno3
1583 504 1722 541 Venus
1756 510 1796 542 et

304 573 528 613 Mercurius
550 575 630 612 fere
650 572 752 611 sicut
767 572 834 611 Sol
849 586 858 619 3
890 573 1004 610 Luna
1024 584 1094 622 per
1114 583 1293 610 mensem
1316 572 1496 609 lunarem
1517 582 1595 620 que
1616 568 1796 609 continet

304 652 350 689 27
375 640 460 679 dies
491 647 530 678 et
554 640 672 677 horas
705 640 739 676 8.
801 640 851 676 Et
881 651 975 676 curn
1005 636 1186 688 quolibet
1217 636 1283 676 die
1316 635 1484 676 naturali
1515 642 1726 674 moventur
1755 634 1796 674 in

301 705 467 744 circuitu
488 714 599 752 terre,
624 705 725 745 sieut
747 703 942 752 videmus,
963 704 1014 742 ab
1042 711 1131 742 ortu
1155 704 1207 742 ad
1233 710 1376 749 ortum,
1407 709 1446 741 et
1472 703 1537 740 hic
1559 709 1691 740 motus
1712 715 1795 740 non

300 770 538 811 contradicit
574 769 693 822 priori
732 769 871 818 motui,
907 769 1034 808 immo
1073 782 1176 808 unus
1216 776 1348 808 motus
1387 776 1492 807 sunt.
1551 766 1659 817 Quia
1697 768 1795 807 dum

300 837 511 888 pertransit
533 838 600 877 Sol
622 850 748 875 unum
768 837 937 887 gradum
966 837 1046 875 fere
1067 835 1108 873 in
1136 834 1201 874 die
1226 834 1396 873 naturali
1416 834 1458 873 in
1487 833 1655 873 zodiaco
1674 834 1795 872 fertur

301 903 340 941 in
381 903 548 942 circuitu
588 911 700 950 terre,
738 910 776 940 et
806 901 846 939 in
887 901 1071 951 sequenti
1107 900 1172 939 die
1212 900 1364 951 perficit
1394 901 1562 951 gradun]
1594 899 1718 947 illum,
1755 907 1794 939 et

300 968 419 1008 intrat
440 968 562 1007 alium
582 969 750 1019 gradum
771 969 852 1007 fere
876 980 1004 1018 usque
1034 967 1075 1005 in
1106 968 1227 1006 finem
1256 979 1326 1017 per
1355 967 1652 1006 revolucionem
1679 979 1794 1006 suam

300 1034 405 1074 circa
439 1042 595 1083 terram,
633 1041 671 1073 et
706 1033 799 1072 ideo
838 1045 941 1071 unus
981 1041 1019 1072 et
1052 1032 1159 1072 idem
1195 1041 1328 1071 motus
1360 1040 1464 1081 sunt,
1493 1031 1585 1072 licet
1617 1031 1795 1072 diversos

301 1100 452 1140 habent
472 1108 676 1151 respectus
698 1106 737 1138 et
758 1098 934 1137 nomina.

358 1168 463 1205 Nam
492 1167 657 1216 quando
685 1167 752 1205 Sol
784 1173 843 1204 est
868 1164 909 1203 in
936 1165 1066 1216 capite
1089 1165 1209 1204 Libre
1232 1164 1450 1204 immobilis
1481 1164 1522 1203 in
1546 1165 1634 1203 celo
1660 1177 1793 1215 aqueo

299 1232 339 1271 in
361 1240 461 1279 ortu,
485 1233 606 1271 fertur
626 1245 744 1282 super
765 1239 908 1270 terram
931 1232 971 1270 in
991 1231 1057 1271 die
1084 1244 1212 1282 usque
1239 1233 1291 1270 ad
1319 1244 1519 1279 occasum,
1543 1238 1582 1270 et
1611 1230 1652 1269 in
1673 1238 1794 1270 nocte

299 1300 374 1338 sub
406 1307 507 1338 terra
543 1311 671 1348 usque
704 1299 756 1337 ad
790 1306 934 1346 ortum,
958 1305 1018 1337 set
1048 1311 1130 1336 non
1159 1298 1261 1337 redit
1290 1299 1341 1337 ad
1372 1298 1504 1348 capud
1535 1296 1655 1336 Libre
1684 1297 1793 1336 unde

299 1364 449 1415 incepit
471 1373 530 1403 set
551 1363 725 1403 declinat
756 1364 837 1403 fere
861 1377 989 1414 usque
1015 1365 1068 1403 ad
1088 1365 1210 1403 finem
1240 1362 1370 1411 Libre,
1403 1362 1497 1414 quia
1517 1362 1557 1401 in
1585 1370 1698 1402 motu
1719 1376 1792 1403 suo

299 1431 350 1469 ab
380 1439 469 1470 ortu
500 1443 628 1480 usque
659 1431 711 1469 ad
741 1437 872 1469 ortum
903 1443 984 1469 non
1014 1431 1107 1468 facit
1137 1429 1329 1468 circulum
1351 1443 1488 1469 verum
1519 1437 1578 1469 set
1608 1443 1765 1481 speram
1782 1443 1793 1479 ;

299 1497 393 1548 quia
428 1496 598 1535 circulus
638 1497 871 1535 terminatur
906 1497 957 1535 ad
997 1495 1094 1535 illud
1134 1505 1329 1547 punctum
1367 1510 1391 1535 a
1425 1509 1505 1547 quo
1539 1495 1701 1548 incepit,
1733 1503 1793 1536 set

299 1577 412 1615 spera
444 1563 583 1613 incipit
617 1563 669 1601 ab
701 1575 784 1600 uno
822 1570 974 1613 puncto
1006 1571 1044 1601 et
1079 1562 1313 1601 terminatur
1345 1561 1386 1600 in
1415 1561 1505 1601 alio.
1567 1564 1624 1603 Ut
1656 1561 1689 1601 si
1724 1563 1792 1601 Sol

299 1638 337 1669 et
359 1630 491 1680 capud
514 1629 633 1668 Libre
655 1629 695 1667 in
715 1630 803 1668 celo
824 1636 967 1668 octavo
997 1628 1075 1668 sint
1096 1628 1214 1668 simul
1239 1629 1314 1668 sub
1342 1628 1472 1680 capite
1504 1629 1622 1668 Libre
1643 1627 1684 1667 in
1705 1629 1793 1669 celo

298 1710 431 1747 aqueo
452 1696 493 1734 in
513 1703 612 1743 ortu,
635 1695 767 1746 capud
799 1694 918 1734 Libre
948 1695 989 1733 in
1013 1696 1100 1734 celo
1125 1704 1268 1735 octavo
1282 1697 1494 1735 revolvitur
1521 1694 1644 1735 cicius
1669 1707 1790 1746 quam

299 1764 377 1811 Sol,
402 1770 440 1802 et
471 1762 563 1802 ideo
594 1775 677 1800 non
709 1761 816 1800 venit
847 1763 915 1801 Sol
945 1763 997 1801 ad
1027 1769 1159 1801 ortum
1191 1763 1372 1802 seeundo
1401 1761 1467 1802 die
1496 1763 1550 1801 ita
1579 1761 1659 1800 cito
1689 1759 1791 1801 sicut

300 1829 432 1880 capud
454 1829 573 1868 Libre
596 1827 767 1874 mobilis,
791 1835 830 1866 et
852 1829 919 1868 Sol
939 1827 1174 1879 relinquitur
1195 1836 1309 1875 retro,
1327 1827 1489 1876 scilicet,
1512 1827 1553 1866 in
1573 1829 1654 1867 fine
1674 1826 1790 1878 primi

254 1890 256 1893 ¹
298 1897 443 1947 gradus
470 1894 590 1934 Libre
611 1894 783 1934 mobilis.
845 1896 895 1933 Et
916 1894 971 1934 sic
992 1903 1050 1934 est
1071 1894 1182 1934 omni
1202 1895 1267 1934 die
1288 1894 1382 1934 anni
1403 1908 1473 1946 per
1492 1894 1646 1946 singula
1666 1895 1788 1945 signa.

302 1964 352 2001 Et
373 1962 442 2001 Sol
467 1969 650 2001 movetur
671 1968 782 1999 motu
804 1960 964 2012 proprio
985 1961 1037 2000 ab
1068 1961 1220 2000 oriente
1241 1961 1281 2000 in
1311 1960 1478 2000 circuitu
1508 1968 1608 2000 terre
1638 1966 1678 1999 et
1707 1973 1790 1999 non

300 2042 368 2079 per
389 2035 546 2078 raptum
568 2035 707 2066 octave
729 2040 854 2078 spere,
876 2026 968 2066 licet
990 2026 1160 2078 imperiti
1183 2027 1260 2066 sint
1282 2027 1346 2066 hic
1368 2026 1538 2078 decepti.

348 2159 385 2190 16
410 2158 636 2199 immobilis]
663 2157 906 2198 ymaginabilis
925 2157 998 2190 MS.

1815 449 1832 480 5

1815 784 1856 808 10

1815 1115 1854 1150 15

1813 1447 1855 1471 20

1811 1780 1851 1813 ²5
