1908 3126
1068 58 1081 100 1

410 175 458 213 In
490 181 619 224 partes
643 174 807 214 tribuito
831 176 999 214 humum
1027 174 1160 226 ignem
1185 188 1356 227 passam,
1380 181 1588 214 attenuant
1612 172 1851 214 densitatem

465 231 551 279 ejus
581 242 622 268 re
652 232 833 269 omnium
864 229 1110 270 suavissima.

359 313 420 339 10.
450 300 646 340 Ascendit
672 301 780 341 enim
810 303 861 341 de
882 310 984 340 terra
1007 301 1047 340 in
1069 303 1212 350 celum,
1235 310 1274 341 et
1297 303 1374 341 ruit
1395 303 1446 341 de
1466 301 1585 341 celo
1575 315 1615 340 1n
1636 308 1793 349 terram,
1814 309 1853 339 et

300 352 395 394 inde
416 355 602 394 interficit
622 356 867 406 superiorem
888 365 926 395 et
947 356 1174 396 inferiorem
1195 357 1392 396 virtutem.

408 410 603 449 Ascendit
644 411 797 462 (lapis)
837 425 861 450 a
898 420 999 450 terra
1037 410 1078 450 in
1108 412 1277 459 coelum,
1309 411 1534 462 iterumque
1572 408 1783 450 descendit
1811 410 1852 448 in

465 474 620 514 terram,
653 475 692 505 et
721 466 861 517 recipit
889 465 970 505 vim
1001 466 1249 517 superiorum
1281 475 1320 506 et
1349 465 1594 505 inferiorum.
1677 502 1682 505 .

410 521 458 558 In
499 521 576 558 hoe
605 533 629 558 a
658 529 760 560 terra
797 521 990 568 ascendit,
1033 521 1073 559 in
1104 523 1262 560 coelum
1301 522 1378 560 hoc
1417 535 1441 559 a
1473 529 1584 566 terra,
1616 527 1656 558 et
1685 533 1709 558 a
1738 520 1853 558 coelo

464 588 596 613 rursus
643 574 685 613 in
732 584 874 615 terram
923 577 1145 623 descendit,
1195 584 1233 615 et
1280 574 1503 627 potentiam
1552 583 1592 614 et
1635 574 1852 613 efficaciam

464 628 713 679 superiorum
744 639 783 670 et
811 632 1041 670 inferiorum
1072 630 1222 681 recipit.

409 684 575 722 Summa
603 687 777 724 ascende
807 685 954 737 ingenii
984 685 1198 736 sagacitate
1227 699 1250 724 a
1279 693 1381 724 terra
1409 684 1450 723 in
1480 685 1651 732 coelum,
1677 683 1853 734 indeque

463 752 618 777 rursum
648 739 688 778 in
718 749 862 779 terram
892 741 1095 780 descende
1124 754 1170 779 ac
1197 741 1297 779 vires
1327 739 1578 790 superiorum
1608 738 1855 778 inferiorum-

464 806 544 843 que
573 807 673 845 coge
703 795 742 833 in
773 809 910 835 unum.

359 877 417 902 11.
450 864 514 904 Sic
536 879 629 916 ergo
649 866 880 906 dominatur
899 867 1151 906 inferioribus
1172 874 1211 905 et
1241 865 1523 917 superioribus,
1546 873 1585 905 et
1606 874 1648 904 tu
1675 864 1854 904 domina-

300 918 404 957 beris
434 933 591 959 sursum
621 929 660 960 et
689 923 888 970 deorsum,
921 931 1054 961 tecum
1085 930 1145 961 est
1175 922 1243 960 lux
1271 922 1480 968 luminum,
1518 929 1557 960 et
1586 929 1748 972 propter
1776 922 1854 959 hoc

300 973 452 1024 fugient
471 988 495 1013 a
515 984 554 1014 te
575 989 716 1015 omnes
737 977 913 1016 tenebre.

410 1029 475 1068 Sic
505 1030 672 1070 habebis
700 1031 865 1082 gloriam
896 1030 1017 1070 totius
1048 1030 1200 1079 mundi,
1231 1031 1325 1070 ideo
1353 1031 1476 1081 fugiat
1504 1043 1528 1069 a
1556 1038 1596 1069 te
1625 1020 1771 1069 omnis
1786 1030 1856 1069 ob-

464 1086 628 1123 scuritas

409 1136 480 1189 (Et
510 1139 563 1177 ita
603 1140 769 1179 habebis
798 1140 963 1191 gloriam
994 1139 1182 1179 claritatis
1211 1139 1334 1179 totius
1365 1139 1518 1187 mundi,
1541 1148 1580 1179 et
1608 1153 1633 1178 a
1661 1147 1701 1178 te
1728 1139 1852 1190 fugiet

465 1194 595 1232 omnis
625 1194 874 1247 obscuritas).

410 1249 506 1287 Hoc
535 1250 660 1287 modo
689 1251 860 1300 acquiris
897 1249 1063 1301 gloriam
1103 1248 1224 1289 totius
1264 1250 1416 1298 mundi,
1449 1249 1699 1300 propulsabis
1737 1247 1854 1300 igitur

464 1303 649 1342 tenebras
678 1318 819 1344 omnes
849 1313 888 1344 et
918 1304 1166 1344 coecitatem.

410 1358 475 1396 Sic
514 1358 666 1408 potiere
704 1359 827 1410 gloria
866 1360 986 1400 totius
1027 1361 1167 1399 mundi
1186 1374 1196 1408 ;
1246 1367 1367 1410 atque
1415 1358 1469 1398 ita
1513 1358 1695 1410 abjectae
1737 1358 1853 1398 sortis

463 1413 588 1452 homo
616 1413 786 1464 amplius
816 1428 898 1454 non
928 1416 1087 1454 habere.

360 1503 418 1528 12.
452 1491 487 1526 V
492 1489 587 1530 irtus
609 1492 787 1542 superior
805 1492 928 1532 vincit
949 1492 1096 1533 omnia.

411 1544 492 1583 Hic
522 1554 580 1584 est
609 1547 730 1586 totius
759 1548 1001 1587 fortitudinis
1031 1547 1223 1587 fortitudo
1253 1548 1376 1587 fortis.

410 1601 527 1639 Haec
546 1602 651 1640 enim
684 1602 875 1642 fortitudo
895 1603 1006 1642 omni
1034 1603 1112 1642 alia
1133 1602 1366 1642 fortitudine
1385 1616 1433 1642 ac
1453 1600 1658 1654 potentiae
1677 1602 1853 1654 palmam

464 1658 718 1706 praerlpiens.

412 1710 473 1748 Ita
503 1711 602 1749 haec
628 1713 709 1761 jam
740 1725 801 1751 res
832 1713 916 1763 ipsa
944 1712 1178 1752 fortitudine
1207 1711 1344 1751 fortior
1372 1711 1524 1752 existet.

360 1799 416 1836 13.
450 1787 584 1826 Omne
614 1788 720 1827 enim
751 1802 882 1828 rarum
911 1789 992 1840 agit
1021 1789 1061 1828 in
1091 1803 1213 1829 omne
1242 1790 1425 1828 densum.

412 1842 517 1890 Quia
548 1842 678 1883 vincet
709 1857 871 1884 omnem
902 1858 986 1884 rem
1016 1844 1219 1893 subtilem,
1250 1857 1496 1895 omnemque
1534 1843 1704 1884 solidam
1733 1857 1853 1896 pene-

465 1897 593 1936 trabit.

411 1951 560 1990 Omnia
588 1966 764 2003 namque
794 1953 954 1993 subtilia
989 1964 1028 1993 et
1067 1967 1198 1993 crassa
1228 1954 1409 2004 duraque
1438 1961 1645 2005 penetrare
1672 1967 1720 1992 ae
1749 1953 1855 1993 subi-

465 2019 556 2056 gere
586 2016 728 2058 potest.

411 2061 589 2112 Corpora
619 2062 767 2114 quippe
797 2072 877 2102 tarn
908 2063 1044 2102 tenuia
1073 2077 1195 2114 quam
1224 2064 1352 2103 solida
1381 2063 1629 2114 penetrando
1657 2061 1808 2114 subige.

361 2151 419 2185 14.
453 2139 504 2176 Et
521 2140 744 2178 secundum
766 2140 1076 2191 disposicionem
1093 2140 1252 2206 majoris
1269 2140 1410 2180 mundi
1425 2137 1544 2179 cur'rit
1560 2141 1635 2180 hec
1655 2140 1852 2192 operacio.

411 2192 476 2231 Sic
505 2195 680 2233 mundus
709 2205 863 2234 creatus
892 2206 963 2236 est.

412 2249 507 2286 Hoc
538 2250 712 2287 mundus
742 2251 806 2287 hic
836 2252 1024 2289 conditus
1054 2258 1125 2289 est.

411 2304 546 2352 Atque
576 2304 632 2341 sic
662 2304 827 2354 quidem
857 2318 1124 2355 quaecunque
1155 2304 1331 2343 mundus
1361 2303 1540 2343 continet
1570 2311 1702 2343 creata
1731 2303 1851 2343 suere.

363 2386 422 2424 15.
455 2374 506 2412 Et
527 2383 686 2424 propter
707 2376 783 2414 hoc
804 2384 968 2414 vocatur
991 2377 1270 2426 Hermogenes
1291 2374 1430 2425 triplex
1451 2375 1492 2414 in
1512 2375 1777 2426 philosophia.

411 2429 493 2478 &Ita
523 2437 637 2467 erunt
673 2430 713 2468 in
743 2443 783 2468 re
813 2429 887 2469 ista
920 2432 1198 2480 adaptationes
1229 2438 1267 2469 et
1302 2429 1586 2481 dispositiones
1616 2429 1851 2475 mirabiles)

468 2483 578 2521 Hinc
608 2484 884 2534 adaptationes
917 2496 1033 2524 erunt
1073 2485 1272 2523 mirabiles
1302 2497 1469 2534 quarum
1509 2486 1655 2524 modus
1684 2493 1744 2524 est
1774 2485 1850 2524 hic.

469 2539 611 2587 Itaque
658 2548 822 2577 vocatus
870 2553 958 2578 sum
1010 2541 1182 2579 Hermes
1230 2538 1523 2590 Trismegistus,
1574 2539 1727 2579 habens
1774 2548 1852 2579 tres

468 2601 597 2641 partes
628 2593 912 2643 Philosophiae
942 2595 1063 2633 totius
1094 2595 1245 2633 mundi.

415 2646 466 2684 Et
496 2645 589 2684 hinc
609 2649 915 2697 conjunctiones
935 2650 1022 2698 ejus
1051 2648 1251 2687 mirabiles
1272 2657 1311 2688 et
1336 2649 1500 2687 effectus
1530 2647 1699 2688 mirandi
1718 2662 1729 2696 ;
1757 2661 1849 2688 cum
1875 2697 1881 2703 ὓ

469 2700 567 2739 haec
597 2702 659 2739 via
692 2701 741 2740 sit
780 2716 848 2752 per
879 2717 1000 2753 quani
1041 2704 1139 2742 haec
1178 2702 1275 2742 mira
1313 2702 1542 2743 efficiantur.
1603 2704 1655 2742 Et
1693 2713 1853 2754 propter

468 2755 546 2793 hoc
591 2756 794 2795 Hermetis
835 2757 1081 2808 Trismegisti
1126 2759 1290 2797 nomine
1333 2771 1398 2797 me
1437 2758 1710 2808 appellarunt:
1758 2771 1849 2796 cum
