<?xml version="1.0" encoding="UTF-8"?>
<!DOCTYPE html PUBLIC "-//W3C//DTD XHTML 1.0 Transitional//EN"
    "http://www.w3.org/TR/xhtml1/DTD/xhtml1-transitional.dtd">
<html xmlns="http://www.w3.org/1999/xhtml" xml:lang="en" lang="en">
 <head>
  <title>
</title>
<meta http-equiv="Content-Type" content="text/html;charset=utf-8" />
  <meta name='ocr-system' content='tesseract 3.04.00' />
  <meta name='ocr-capabilities' content='ocr_page ocr_carea ocr_par ocr_line ocrx_word'/>
</head>
<body>
  <div class='ocr_page' id='page_1' title='image "./operahactenusine05baco_0191.png"; bbox 0 0 1908 3126; ppageno 0'>
   <div class='ocr_carea' id='block_1_1' title="bbox 771 85 902 141">
    <p class='ocr_par' dir='ltr' id='par_1_1' title="bbox 771 85 902 141">
     <span class='ocr_line' id='line_1_1' title="bbox 771 85 902 141; baseline 0 -12"><span class='ocrx_word' id='word_1_1' title='bbox 771 100 849 141; x_wconf 80' lang='lat'><strong>117</strong></span> <span class='ocrx_word' id='word_1_2' title='bbox 898 85 902 89; x_wconf 74' lang='grc'><strong>’</strong></span> 
     </span>
    </p>
   </div>
   <div class='ocr_carea' id='block_1_2' title="bbox 68 197 1744 396">
    <p class='ocr_par' dir='ltr' id='par_1_2' title="bbox 68 197 1744 396">
     <span class='ocr_line' id='line_1_2' title="bbox 128 197 1447 261; baseline -0.013 -6"><span class='ocrx_word' id='word_1_3' title='bbox 128 216 187 255; x_wconf 77' lang='lat' dir='ltr'><strong>Et</strong></span> <span class='ocrx_word' id='word_1_4' title='bbox 210 213 311 254; x_wconf 89' lang='lat' dir='ltr'><strong>inde</strong></span> <span class='ocrx_word' id='word_1_5' title='bbox 332 209 537 251; x_wconf 89' lang='lat' dir='ltr'><strong>interficit</strong></span> <span class='ocrx_word' id='word_1_6' title='bbox 554 207 567 230; x_wconf 85' lang='lat'>¹</span> <span class='ocrx_word' id='word_1_7' title='bbox 591 204 863 261; x_wconf 83' lang='lat' dir='ltr'><strong>superiorem</strong></span> <span class='ocrx_word' id='word_1_8' title='bbox 886 208 929 243; x_wconf 86' lang='lat' dir='ltr'><strong>et</strong></span> <span class='ocrx_word' id='word_1_9' title='bbox 951 199 1200 242; x_wconf 88' lang='lat' dir='ltr'><strong>inferiorem</strong></span> <span class='ocrx_word' id='word_1_10' title='bbox 1224 197 1447 238; x_wconf 90' lang='lat' dir='ltr'><strong>virtutem.</strong></span> 
     </span>
     <span class='ocr_line' id='line_1_3' title="bbox 127 265 1659 335; baseline -0.014 -10"><span class='ocrx_word' id='word_1_11' title='bbox 127 283 201 325; x_wconf 89' lang='lat' dir='ltr'><strong>Sic</strong></span> <span class='ocrx_word' id='word_1_12' title='bbox 231 295 336 335; x_wconf 88' lang='lat' dir='ltr'><strong>ergo</strong></span> <span class='ocrx_word' id='word_1_13' title='bbox 370 274 656 321; x_wconf 80' lang='lat' dir='ltr'><strong>dominatur2</strong></span> <span class='ocrx_word' id='word_1_14' title='bbox 689 272 962 315; x_wconf 82' lang='lat' dir='ltr'><strong>inferioribus</strong></span> <span class='ocrx_word' id='word_1_15' title='bbox 992 276 1036 311; x_wconf 92' lang='lat' dir='ltr'><strong>et</strong></span> <span class='ocrx_word' id='word_1_16' title='bbox 1069 267 1364 322; x_wconf 89' lang='lat' dir='ltr'><strong>superioribus</strong></span> <span class='ocrx_word' id='word_1_17' title='bbox 1394 265 1400 320; x_wconf 67' lang='lat' dir='ltr'><strong>l</strong></span> <span class='ocrx_word' id='word_1_18' title='bbox 1424 271 1468 306; x_wconf 88' lang='lat' dir='ltr'><strong>et</strong></span> <span class='ocrx_word' id='word_1_19' title='bbox 1500 271 1547 305; x_wconf 91' lang='lat' dir='ltr'><strong>tu</strong></span> <span class='ocrx_word' id='word_1_20' title='bbox 1569 273 1610 314; x_wconf 89' lang='lat'><strong>89</strong></span> <span class='ocrx_word' id='word_1_21' title='bbox 1629 283 1659 303; x_wconf 83' lang='lat' dir='ltr'><strong>a.</strong></span> 
     </span>
     <span class='ocr_line' id='line_1_4' title="bbox 68 333 1744 396; baseline -0.014 -1"><span class='ocrx_word' id='word_1_22' title='bbox 68 350 363 396; x_wconf 83' lang='lat' dir='ltr'>dominaberis</span> <span class='ocrx_word' id='word_1_23' title='bbox 395 361 567 390; x_wconf 90' lang='lat' dir='ltr'><strong>sursum</strong></span> <span class='ocrx_word' id='word_1_24' title='bbox 604 352 647 386; x_wconf 93' lang='lat' dir='ltr'><strong>et</strong></span> <span class='ocrx_word' id='word_1_25' title='bbox 682 344 899 391; x_wconf 84' lang='lat' dir='ltr'><strong>deorsum,</strong></span> <span class='ocrx_word' id='word_1_26' title='bbox 934 346 1077 381; x_wconf 87' lang='lat' dir='ltr'><strong>tecum</strong></span> <span class='ocrx_word' id='word_1_27' title='bbox 1112 337 1227 378; x_wconf 90' lang='lat' dir='ltr'><strong>enim</strong></span> <span class='ocrx_word' id='word_1_28' title='bbox 1264 342 1330 378; x_wconf 92' lang='lat' dir='ltr'><strong>est</strong></span> <span class='ocrx_word' id='word_1_29' title='bbox 1369 335 1448 376; x_wconf 85' lang='lat' dir='ltr'><strong>lux</strong></span> <span class='ocrx_word' id='word_1_30' title='bbox 1486 333 1551 375; x_wconf 90' lang='lat' dir='ltr'><strong>lu·</strong></span> <span class='ocrx_word' id='word_1_31' title='bbox 1570 337 1744 364; x_wconf 73' lang='lat' dir='ltr'><strong>Alchemica!</strong></span> 
     </span>
    </p>
   </div>
   <div class='ocr_carea' id='block_1_3' title="bbox 1570 372 1689 405">
    <p class='ocr_par' dir='ltr' id='par_1_3' title="bbox 1570 372 1689 405">
     <span class='ocr_line' id='line_1_5' title="bbox 1570 372 1689 405; baseline -0.017 -6"><span class='ocrx_word' id='word_1_32' title='bbox 1570 372 1689 405; x_wconf 81' lang='lat' dir='ltr'><strong>change.</strong></span> 
     </span>
    </p>
   </div>
   <div class='ocr_carea' id='block_1_4' title="bbox 36 404 1710 747">
    <p class='ocr_par' dir='ltr' id='par_1_4' title="bbox 36 404 1710 747">
     <span class='ocr_line' id='line_1_6' title="bbox 70 404 1710 474; baseline -0.014 -9"><span class='ocrx_word' id='word_1_33' title='bbox 70 420 254 470; x_wconf 79' lang='lat' dir='ltr'><strong>ninum,3</strong></span> <span class='ocrx_word' id='word_1_34' title='bbox 275 427 319 462; x_wconf 90' lang='lat' dir='ltr'><strong>et</strong></span> <span class='ocrx_word' id='word_1_35' title='bbox 343 425 525 474; x_wconf 86' lang='lat' dir='ltr'><strong>propter</strong></span> <span class='ocrx_word' id='word_1_36' title='bbox 548 417 631 457; x_wconf 87' lang='lat' dir='ltr'><strong>hoc</strong></span> <span class='ocrx_word' id='word_1_37' title='bbox 655 413 822 468; x_wconf 80' lang='lat' dir='ltr'>fugient</span> <span class='ocrx_word' id='word_1_38' title='bbox 844 427 869 452; x_wconf 85' lang='lat' dir='ltr'><strong>a</strong></span> <span class='ocrx_word' id='word_1_39' title='bbox 893 417 937 451; x_wconf 89' lang='lat' dir='ltr'><strong>te</strong></span> <span class='ocrx_word' id='word_1_40' title='bbox 958 422 1113 450; x_wconf 91' lang='lat' dir='ltr'><strong>omnes</strong></span> <span class='ocrx_word' id='word_1_41' title='bbox 1142 407 1336 448; x_wconf 83' lang='lat' dir='ltr'><strong>tenebre.</strong></span> <span class='ocrx_word' id='word_1_42' title='bbox 1398 404 1553 446; x_wconf 85' lang='lat' dir='ltr'>Virtus</span> <span class='ocrx_word' id='word_1_43' title='bbox 1659 405 1710 433; x_wconf 60' lang='lat' dir='ltr'><strong>„e</strong></span> 
     </span>
     <span class='ocr_line' id='line_1_7' title="bbox 36 484 624 547; baseline -0.015 -12"><span class='ocrx_word' id='word_1_44' title='bbox 36 513 53 544; x_wconf 87' lang='lat'>5</span> <span class='ocrx_word' id='word_1_45' title='bbox 70 492 265 547; x_wconf 84' lang='lat' dir='ltr'><strong>superior</strong></span> <span class='ocrx_word' id='word_1_46' title='bbox 285 490 422 532; x_wconf 90' lang='lat' dir='ltr'><strong>vincit</strong></span> <span class='ocrx_word' id='word_1_47' title='bbox 444 484 624 529; x_wconf 75' lang='lat' dir='ltr'><strong>omnia.⁴</strong></span> 
     </span>
     <span class='ocr_line' id='line_1_8' title="bbox 130 544 1556 608; baseline -0.013 -5"><span class='ocrx_word' id='word_1_48' title='bbox 130 561 276 604; x_wconf 90' lang='lat' dir='ltr'><strong>Omne</strong></span> <span class='ocrx_word' id='word_1_49' title='bbox 299 558 413 600; x_wconf 89' lang='lat' dir='ltr'><strong>enim</strong></span> <span class='ocrx_word' id='word_1_50' title='bbox 441 569 587 598; x_wconf 87' lang='lat' dir='ltr'><strong>rarum</strong></span> <span class='ocrx_word' id='word_1_51' title='bbox 610 553 702 608; x_wconf 86' lang='lat' dir='ltr'><strong>agit</strong></span> <span class='ocrx_word' id='word_1_52' title='bbox 733 553 775 592; x_wconf 92' lang='lat' dir='ltr'><strong>in</strong></span> <span class='ocrx_word' id='word_1_53' title='bbox 804 563 935 592; x_wconf 92' lang='lat' dir='ltr'><strong>omne</strong></span> <span class='ocrx_word' id='word_1_54' title='bbox 958 550 1154 590; x_wconf 92' lang='lat' dir='ltr'><strong>densum.</strong></span> <span class='ocrx_word' id='word_1_55' title='bbox 1224 546 1285 587; x_wconf 89' lang='lat' dir='ltr'><strong>Et</strong></span> <span class='ocrx_word' id='word_1_56' title='bbox 1312 544 1556 586; x_wconf 89' lang='lat' dir='ltr'><strong>secundum</strong></span> 
     </span>
     <span class='ocr_line' id='line_1_9' title="bbox 71 616 1559 686; baseline -0.013 -12"><span class='ocrx_word' id='word_1_57' title='bbox 71 630 404 686; x_wconf 83' lang='lat' dir='ltr'><strong>disposicionem</strong></span> <span class='ocrx_word' id='word_1_58' title='bbox 427 625 606 679; x_wconf 86' lang='lat' dir='ltr'><strong>majoris</strong></span> <span class='ocrx_word' id='word_1_59' title='bbox 629 622 779 664; x_wconf 88' lang='lat' dir='ltr'><strong>mundi</strong></span> <span class='ocrx_word' id='word_1_60' title='bbox 810 620 944 662; x_wconf 91' lang='lat' dir='ltr'><strong>currit</strong></span> <span class='ocrx_word' id='word_1_61' title='bbox 964 618 1047 659; x_wconf 92' lang='lat' dir='ltr'><strong>hec</strong></span> <span class='ocrx_word' id='word_1_62' title='bbox 1068 616 1287 671; x_wconf 85' lang='lat' dir='ltr'><strong>operacio,</strong></span> <span class='ocrx_word' id='word_1_63' title='bbox 1310 621 1353 656; x_wconf 92' lang='lat' dir='ltr'><strong>et</strong></span> <span class='ocrx_word' id='word_1_64' title='bbox 1374 618 1559 668; x_wconf 90' lang='lat' dir='ltr'><strong>propter</strong></span> 
     </span>
     <span class='ocr_line' id='line_1_10' title="bbox 73 683 1283 747; baseline -0.015 -4"><span class='ocrx_word' id='word_1_65' title='bbox 73 704 154 743; x_wconf 92' lang='lat' dir='ltr'><strong>hoc</strong></span> <span class='ocrx_word' id='word_1_66' title='bbox 175 705 359 742; x_wconf 89' lang='lat' dir='ltr'><strong>vocatur</strong></span> <span class='ocrx_word' id='word_1_67' title='bbox 383 696 691 747; x_wconf 84' lang='lat' dir='ltr'><strong>Hermogenes</strong></span> <span class='ocrx_word' id='word_1_68' title='bbox 712 690 878 746; x_wconf 81' lang='lat' dir='ltr'><strong>triplex</strong></span> <span class='ocrx_word' id='word_1_69' title='bbox 901 690 944 730; x_wconf 87' lang='lat' dir='ltr'><strong>in</strong></span> <span class='ocrx_word' id='word_1_70' title='bbox 967 683 1283 742; x_wconf 78' lang='lat' dir='ltr'><strong>philosophia.⁵</strong></span> 
     </span>
    </p>
   </div>
   <div class='ocr_carea' id='block_1_5' title="bbox 19 774 1842 2703">
    <p class='ocr_par' dir='ltr' id='par_1_5' title="bbox 139 774 1558 839">
     <span class='ocr_line' id='line_1_11' title="bbox 139 774 1558 839; baseline -0.014 -8"><span class='ocrx_word' id='word_1_71' title='bbox 139 794 149 813; x_wconf 89' lang='lat'>¹</span> <span class='ocrx_word' id='word_1_72' title='bbox 173 791 214 831; x_wconf 93' lang='lat' dir='ltr'><strong>id</strong></span> <span class='ocrx_word' id='word_1_73' title='bbox 234 799 305 838; x_wconf 88' lang='lat' dir='ltr'><strong>est,</strong></span> <span class='ocrx_word' id='word_1_74' title='bbox 327 785 513 839; x_wconf 89' lang='lat' dir='ltr'><strong>operacio</strong></span> <span class='ocrx_word' id='word_1_75' title='bbox 533 781 733 824; x_wconf 84' lang='lat' dir='ltr'><strong>alkimiste</strong></span> <span class='ocrx_word' id='word_1_76' title='bbox 755 780 950 827; x_wconf 88' lang='lat' dir='ltr'><strong>interficit,</strong></span> <span class='ocrx_word' id='word_1_77' title='bbox 973 778 1015 818; x_wconf 90' lang='lat' dir='ltr'><strong>id</strong></span> <span class='ocrx_word' id='word_1_78' title='bbox 1035 785 1104 825; x_wconf 90' lang='lat' dir='ltr'><strong>est,</strong></span> <span class='ocrx_word' id='word_1_79' title='bbox 1129 774 1346 826; x_wconf 84' lang='lat' dir='ltr'><strong>corrumpit</strong></span> <span class='ocrx_word' id='word_1_80' title='bbox 1371 782 1410 813; x_wconf 93' lang='lat' dir='ltr'><strong>et</strong></span> <span class='ocrx_word' id='word_1_81' title='bbox 1431 779 1558 812; x_wconf 88' lang='lat' dir='ltr'><strong>mutat</strong></span> 
     </span>
    </p>

    <p class='ocr_par' dir='ltr' id='par_1_6' title="bbox 19 830 1562 1059">
     <span class='ocr_line' id='line_1_12' title="bbox 19 830 1560 899; baseline -0.014 -13"><span class='ocrx_word' id='word_1_82' title='bbox 19 863 57 886; x_wconf 79' lang='grc' dir='ltr'><strong>ιο</strong></span> <span class='ocrx_word' id='word_1_83' title='bbox 74 846 283 899; x_wconf 85' lang='lat' dir='ltr'><strong>qualitates</strong></span> <span class='ocrx_word' id='word_1_84' title='bbox 303 855 434 883; x_wconf 89' lang='lat' dir='ltr'><strong>rerum</strong></span> <span class='ocrx_word' id='word_1_85' title='bbox 456 839 664 879; x_wconf 88' lang='lat' dir='ltr'><strong>sensibiles</strong></span> <span class='ocrx_word' id='word_1_86' title='bbox 686 836 911 875; x_wconf 87' lang='lat' dir='ltr'><strong>inferiorem</strong></span> <span class='ocrx_word' id='word_1_87' title='bbox 939 833 1125 872; x_wconf 90' lang='lat' dir='ltr'><strong>virtutem</strong></span> <span class='ocrx_word' id='word_1_88' title='bbox 1153 830 1315 878; x_wconf 89' lang='lat' dir='ltr'><strong>scilicet,</strong></span> <span class='ocrx_word' id='word_1_89' title='bbox 1337 842 1419 868; x_wconf 90' lang='lat' dir='ltr'><strong>rem</strong></span> <span class='ocrx_word' id='word_1_90' title='bbox 1441 840 1560 878; x_wconf 90' lang='lat' dir='ltr'><strong>supra</strong></span> 
     </span>
     <span class='ocr_line' id='line_1_13' title="bbox 74 882 1561 953; baseline -0.014 -12"><span class='ocrx_word' id='word_1_91' title='bbox 74 914 195 953; x_wconf 86' lang='lat' dir='ltr'><strong>quam</strong></span> <span class='ocrx_word' id='word_1_92' title='bbox 222 906 417 950; x_wconf 84' lang='lat' dir='ltr'><strong>operatur,</strong></span> <span class='ocrx_word' id='word_1_93' title='bbox 440 907 520 946; x_wconf 89' lang='lat' dir='ltr'><strong>que</strong></span> <span class='ocrx_word' id='word_1_94' title='bbox 536 893 665 945; x_wconf 85' lang='lat' dir='ltr'><strong>primo</strong></span> <span class='ocrx_word' id='word_1_95' title='bbox 693 890 856 930; x_wconf 87' lang='lat' dir='ltr'><strong>inferius</strong></span> <span class='ocrx_word' id='word_1_96' title='bbox 882 896 942 928; x_wconf 91' lang='lat' dir='ltr'><strong>est</strong></span> <span class='ocrx_word' id='word_1_97' title='bbox 968 888 1010 926; x_wconf 90' lang='lat' dir='ltr'><strong>in</strong></span> <span class='ocrx_word' id='word_1_98' title='bbox 1033 888 1135 926; x_wconf 90' lang='lat' dir='ltr'><strong>vasis</strong></span> <span class='ocrx_word' id='word_1_99' title='bbox 1165 882 1501 924; x_wconf 89' lang='lat' dir='ltr'><strong>convenientibus</strong></span> <span class='ocrx_word' id='word_1_100' title='bbox 1521 889 1561 920; x_wconf 88' lang='lat' dir='ltr'><strong>et</strong></span> 
     </span>
     <span class='ocr_line' id='line_1_14' title="bbox 73 937 1562 1008; baseline -0.015 -12"><span class='ocrx_word' id='word_1_101' title='bbox 73 964 212 1008; x_wconf 88' lang='lat' dir='ltr'><strong>postea</strong></span> <span class='ocrx_word' id='word_1_102' title='bbox 227 953 463 994; x_wconf 89' lang='lat' dir='ltr'><strong>sublimatur</strong></span> <span class='ocrx_word' id='word_1_103' title='bbox 475 957 513 988; x_wconf 91' lang='lat' dir='ltr'><strong>et</strong></span> <span class='ocrx_word' id='word_1_104' title='bbox 529 948 741 989; x_wconf 76' lang='lat' dir='ltr'><strong>distillatur</strong></span> <span class='ocrx_word' id='word_1_105' title='bbox 752 944 860 986; x_wconf 87' lang='lat' dir='ltr'><strong>etsie</strong></span> <span class='ocrx_word' id='word_1_106' title='bbox 876 946 919 983; x_wconf 89' lang='lat' dir='ltr'><strong>fit</strong></span> <span class='ocrx_word' id='word_1_107' title='bbox 934 941 1121 993; x_wconf 89' lang='lat' dir='ltr'><strong>superior,</strong></span> <span class='ocrx_word' id='word_1_108' title='bbox 1137 948 1176 979; x_wconf 94' lang='lat' dir='ltr'><strong>et</strong></span> <span class='ocrx_word' id='word_1_109' title='bbox 1192 940 1248 979; x_wconf 92' lang='lat' dir='ltr'><strong>sic</strong></span> <span class='ocrx_word' id='word_1_110' title='bbox 1262 939 1505 984; x_wconf 88' lang='lat' dir='ltr'><strong>interficitur,</strong></span> <span class='ocrx_word' id='word_1_111' title='bbox 1521 937 1562 975; x_wconf 90' lang='lat' dir='ltr'><strong>id</strong></span> 
     </span>
     <span class='ocr_line' id='line_1_15' title="bbox 74 991 1543 1059; baseline -0.014 -9"><span class='ocrx_word' id='word_1_112' title='bbox 74 1019 144 1058; x_wconf 88' lang='lat' dir='ltr'><strong>est,</strong></span> <span class='ocrx_word' id='word_1_113' title='bbox 159 1009 424 1059; x_wconf 90' lang='lat' dir='ltr'><strong>corrumpitur</strong></span> <span class='ocrx_word' id='word_1_114' title='bbox 444 1012 483 1044; x_wconf 86' lang='lat' dir='ltr'><strong>et</strong></span> <span class='ocrx_word' id='word_1_115' title='bbox 505 1012 679 1044; x_wconf 89' lang='lat' dir='ltr'><strong>mutatur</strong></span> <span class='ocrx_word' id='word_1_116' title='bbox 699 1015 722 1040; x_wconf 87' lang='lat' dir='ltr'><strong>a</strong></span> <span class='ocrx_word' id='word_1_117' title='bbox 741 998 998 1051; x_wconf 87' lang='lat' dir='ltr'><strong>qualitatibus</strong></span> <span class='ocrx_word' id='word_1_118' title='bbox 1018 995 1223 1035; x_wconf 89' lang='lat' dir='ltr'><strong>vilioribus</strong></span> <span class='ocrx_word' id='word_1_119' title='bbox 1243 994 1294 1033; x_wconf 90' lang='lat' dir='ltr'><strong>ad</strong></span> <span class='ocrx_word' id='word_1_120' title='bbox 1315 991 1543 1032; x_wconf 86' lang='lat' dir='ltr'><strong>nobiliores.</strong></span> 
     </span>
    </p>

    <p class='ocr_par' dir='ltr' id='par_1_7' title="bbox 130 1051 1101 1110">
     <span class='ocr_line' id='line_1_16' title="bbox 130 1051 1101 1110; baseline -0.016 -5"><span class='ocrx_word' id='word_1_121' title='bbox 130 1066 142 1086; x_wconf 76' lang='lat'><strong>²</strong></span> <span class='ocrx_word' id='word_1_122' title='bbox 172 1063 333 1110; x_wconf 91' lang='lat' dir='ltr'><strong>scilicet,</strong></span> <span class='ocrx_word' id='word_1_123' title='bbox 355 1063 431 1100; x_wconf 92' lang='lat' dir='ltr'><strong>hec</strong></span> <span class='ocrx_word' id='word_1_124' title='bbox 452 1058 625 1100; x_wconf 87' lang='lat' dir='ltr'><strong>sciencia</strong></span> <span class='ocrx_word' id='word_1_125' title='bbox 644 1059 705 1097; x_wconf 90' lang='lat' dir='ltr'><strong>vel</strong></span> <span class='ocrx_word' id='word_1_126' title='bbox 725 1053 911 1106; x_wconf 87' lang='lat' dir='ltr'><strong>operacio</strong></span> <span class='ocrx_word' id='word_1_127' title='bbox 930 1051 1101 1091; x_wconf 87' lang='lat' dir='ltr'><strong>alkimie.</strong></span> 
     </span>
    </p>

    <p class='ocr_par' dir='ltr' id='par_1_8' title="bbox 22 1100 1562 1224">
     <span class='ocr_line' id='line_1_17' title="bbox 22 1100 1562 1167; baseline -0.014 -9"><span class='ocrx_word' id='word_1_128' title='bbox 22 1126 58 1158; x_wconf 81' lang='lat'><strong>15</strong></span> <span class='ocrx_word' id='word_1_129' title='bbox 131 1122 144 1139; x_wconf 67' lang='lat'>²</span> <span class='ocrx_word' id='word_1_130' title='bbox 174 1119 335 1165; x_wconf 88' lang='lat' dir='ltr'><strong>scilicet,</strong></span> <span class='ocrx_word' id='word_1_131' title='bbox 357 1117 458 1156; x_wconf 91' lang='lat' dir='ltr'><strong>liber</strong></span> <span class='ocrx_word' id='word_1_132' title='bbox 478 1127 598 1167; x_wconf 88' lang='lat' dir='ltr'><strong>quem</strong></span> <span class='ocrx_word' id='word_1_133' title='bbox 628 1112 722 1152; x_wconf 89' lang='lat' dir='ltr'><strong>fecit</strong></span> <span class='ocrx_word' id='word_1_134' title='bbox 750 1110 786 1150; x_wconf 89' lang='lat' dir='ltr'><strong>ei</strong></span> <span class='ocrx_word' id='word_1_135' title='bbox 810 1108 879 1159; x_wconf 90' lang='lat' dir='ltr'><strong>qui</strong></span> <span class='ocrx_word' id='word_1_136' title='bbox 900 1114 1063 1147; x_wconf 87' lang='lat' dir='ltr'><strong>vocatur</strong></span> <span class='ocrx_word' id='word_1_137' title='bbox 1091 1106 1163 1143; x_wconf 75' lang='lat' dir='ltr'><strong>lux</strong></span> <span class='ocrx_word' id='word_1_138' title='bbox 1182 1103 1389 1150; x_wconf 74' lang='lat' dir='ltr'><strong>luminum,</strong></span> <span class='ocrx_word' id='word_1_139' title='bbox 1413 1100 1456 1139; x_wconf 90' lang='lat' dir='ltr'><strong>in</strong></span> <span class='ocrx_word' id='word_1_140' title='bbox 1481 1112 1562 1151; x_wconf 91' lang='lat' dir='ltr'><strong>quo</strong></span> 
     </span>
     <span class='ocr_line' id='line_1_18' title="bbox 77 1161 975 1224; baseline -0.018 -9"><span class='ocrx_word' id='word_1_141' title='bbox 77 1175 219 1215; x_wconf 90' lang='lat' dir='ltr'><strong>clarius</strong></span> <span class='ocrx_word' id='word_1_142' title='bbox 239 1173 422 1224; x_wconf 88' lang='lat' dir='ltr'><strong>exposuit</strong></span> <span class='ocrx_word' id='word_1_143' title='bbox 443 1172 547 1210; x_wconf 90' lang='lat' dir='ltr'><strong>hanc</strong></span> <span class='ocrx_word' id='word_1_144' title='bbox 567 1166 782 1208; x_wconf 87' lang='lat' dir='ltr'><strong>scienciam</strong></span> <span class='ocrx_word' id='word_1_145' title='bbox 803 1161 975 1202; x_wconf 86' lang='lat' dir='ltr'><strong>alkimie.</strong></span> 
     </span>
    </p>

    <p class='ocr_par' dir='ltr' id='par_1_9' title="bbox 79 1210 1567 1384">
     <span class='ocr_line' id='line_1_19' title="bbox 132 1210 1564 1277; baseline -0.016 -8"><span class='ocrx_word' id='word_1_146' title='bbox 132 1232 144 1251; x_wconf 73' lang='lat'>4</span> <span class='ocrx_word' id='word_1_147' title='bbox 175 1229 217 1268; x_wconf 90' lang='lat' dir='ltr'><strong>id</strong></span> <span class='ocrx_word' id='word_1_148' title='bbox 237 1235 309 1275; x_wconf 90' lang='lat' dir='ltr'><strong>est,</strong></span> <span class='ocrx_word' id='word_1_149' title='bbox 329 1225 516 1277; x_wconf 88' lang='lat' dir='ltr'><strong>operacio</strong></span> <span class='ocrx_word' id='word_1_150' title='bbox 535 1222 628 1262; x_wconf 91' lang='lat' dir='ltr'><strong>artis</strong></span> <span class='ocrx_word' id='word_1_151' title='bbox 655 1221 830 1261; x_wconf 88' lang='lat' dir='ltr'><strong>virtuosa</strong></span> <span class='ocrx_word' id='word_1_152' title='bbox 850 1231 929 1268; x_wconf 87' lang='lat' dir='ltr'><strong>que</strong></span> <span class='ocrx_word' id='word_1_153' title='bbox 950 1222 1109 1266; x_wconf 91' lang='lat' dir='ltr'><strong>superat</strong></span> <span class='ocrx_word' id='word_1_154' title='bbox 1129 1220 1167 1252; x_wconf 95' lang='lat' dir='ltr'><strong>et</strong></span> <span class='ocrx_word' id='word_1_155' title='bbox 1187 1211 1309 1251; x_wconf 91' lang='lat' dir='ltr'><strong>vincit</strong></span> <span class='ocrx_word' id='word_1_156' title='bbox 1329 1210 1466 1249; x_wconf 86' lang='lat' dir='ltr'><strong>omnia</strong></span> <span class='ocrx_word' id='word_1_157' title='bbox 1485 1221 1564 1259; x_wconf 89' lang='lat' dir='ltr'><strong>que</strong></span> 
     </span>
     <span class='ocr_line' id='line_1_20' title="bbox 79 1285 1071 1324; baseline -0.012 0"><span class='ocrx_word' id='word_1_158' title='bbox 79 1285 143 1324; x_wconf 85' lang='lat' dir='ltr'><strong>hic</strong></span> <span class='ocrx_word' id='word_1_159' title='bbox 163 1286 275 1323; x_wconf 89' lang='lat' dir='ltr'><strong>fiunt.</strong></span> <span class='ocrx_word' id='word_1_160' title='bbox 1067 1299 1071 1304; x_wconf 87' lang='lat'><em>-</em></span> 
     </span>
     <span class='ocr_line' id='line_1_21' title="bbox 135 1316 1567 1384; baseline -0.016 -6"><span class='ocrx_word' id='word_1_161' title='bbox 135 1341 148 1360; x_wconf 85' lang='lat'>⁵</span> <span class='ocrx_word' id='word_1_162' title='bbox 166 1340 303 1384; x_wconf 76' lang='lat' dir='ltr'><strong>Omne</strong></span> <span class='ocrx_word' id='word_1_163' title='bbox 321 1336 422 1375; x_wconf 80' lang='lat' dir='ltr'><strong>enim</strong></span> <span class='ocrx_word' id='word_1_164' title='bbox 444 1346 580 1373; x_wconf 75' lang='lat' dir='ltr'><strong>rarum</strong></span> <span class='ocrx_word' id='word_1_165' title='bbox 600 1331 684 1381; x_wconf 76' lang='lat' dir='ltr'><strong>agit</strong></span> <span class='ocrx_word' id='word_1_166' title='bbox 710 1331 752 1368; x_wconf 82' lang='lat' dir='ltr'><strong>in</strong></span> <span class='ocrx_word' id='word_1_167' title='bbox 773 1340 879 1367; x_wconf 82' lang='lat' dir='ltr'><strong>omne</strong></span> <span class='ocrx_word' id='word_1_168' title='bbox 898 1327 1066 1372; x_wconf 73' lang='lat' dir='ltr'><strong>densum,</strong></span> <span class='ocrx_word' id='word_1_169' title='bbox 1090 1330 1133 1362; x_wconf 94' lang='lat' dir='ltr'><strong>ut</strong></span> <span class='ocrx_word' id='word_1_170' title='bbox 1161 1321 1324 1368; x_wconf 89' lang='lat' dir='ltr'><strong>scilicet,</strong></span> <span class='ocrx_word' id='word_1_171' title='bbox 1347 1320 1422 1358; x_wconf 90' lang='lat' dir='ltr'><strong>hec</strong></span> <span class='ocrx_word' id='word_1_172' title='bbox 1443 1316 1567 1357; x_wconf 89' lang='lat' dir='ltr'><strong>medi-</strong></span> 
     </span>
    </p>

    <p class='ocr_par' dir='ltr' id='par_1_10' title="bbox 24 1371 1565 1548">
     <span class='ocr_line' id='line_1_22' title="bbox 24 1371 1563 1444; baseline -0.017 -9"><span class='ocrx_word' id='word_1_173' title='bbox 24 1406 63 1428; x_wconf 88' lang='lat'><strong>20</strong></span> <span class='ocrx_word' id='word_1_174' title='bbox 80 1396 170 1434; x_wconf 89' lang='lat' dir='ltr'><strong>cina</strong></span> <span class='ocrx_word' id='word_1_175' title='bbox 183 1398 390 1444; x_wconf 88' lang='lat' dir='ltr'><strong>preparata</strong></span> <span class='ocrx_word' id='word_1_176' title='bbox 403 1389 497 1440; x_wconf 90' lang='lat' dir='ltr'><strong>quia</strong></span> <span class='ocrx_word' id='word_1_177' title='bbox 509 1401 594 1427; x_wconf 88' lang='lat' dir='ltr'><strong>rara</strong></span> <span class='ocrx_word' id='word_1_178' title='bbox 606 1393 666 1425; x_wconf 90' lang='lat' dir='ltr'><strong>est</strong></span> <span class='ocrx_word' id='word_1_179' title='bbox 680 1384 720 1423; x_wconf 86' lang='lat' dir='ltr'><strong>in</strong></span> <span class='ocrx_word' id='word_1_180' title='bbox 733 1385 813 1423; x_wconf 88' lang='lat' dir='ltr'><strong>fine</strong></span> <span class='ocrx_word' id='word_1_181' title='bbox 826 1389 865 1421; x_wconf 91' lang='lat' dir='ltr'><strong>et</strong></span> <span class='ocrx_word' id='word_1_182' title='bbox 878 1378 1045 1427; x_wconf 90' lang='lat' dir='ltr'><strong>subtilis,</strong></span> <span class='ocrx_word' id='word_1_183' title='bbox 1061 1377 1140 1428; x_wconf 84' lang='lat' dir='ltr'><strong>agit</strong></span> <span class='ocrx_word' id='word_1_184' title='bbox 1153 1376 1194 1415; x_wconf 90' lang='lat' dir='ltr'><strong>in</strong></span> <span class='ocrx_word' id='word_1_185' title='bbox 1207 1377 1391 1421; x_wconf 89' lang='lat' dir='ltr'><strong>densum,</strong></span> <span class='ocrx_word' id='word_1_186' title='bbox 1400 1371 1563 1420; x_wconf 90' lang='lat' dir='ltr'><strong>scilicet,</strong></span> 
     </span>
     <span class='ocr_line' id='line_1_23' title="bbox 83 1428 1565 1503; baseline -0.017 -14"><span class='ocrx_word' id='word_1_187' title='bbox 83 1451 122 1488; x_wconf 89' lang='lat' dir='ltr'><strong>in</strong></span> <span class='ocrx_word' id='word_1_188' title='bbox 143 1448 349 1499; x_wconf 86' lang='lat' dir='ltr'><strong>metallum</strong></span> <span class='ocrx_word' id='word_1_189' title='bbox 369 1444 446 1503; x_wconf 58' lang='lat' dir='ltr'><strong>vile</strong></span> <span class='ocrx_word' id='word_1_190' title='bbox 466 1443 577 1495; x_wconf 90' lang='lat' dir='ltr'><strong>quod</strong></span> <span class='ocrx_word' id='word_1_191' title='bbox 597 1442 769 1480; x_wconf 89' lang='lat' dir='ltr'><strong>densum</strong></span> <span class='ocrx_word' id='word_1_192' title='bbox 793 1444 852 1476; x_wconf 93' lang='lat' dir='ltr'><strong>est</strong></span> <span class='ocrx_word' id='word_1_193' title='bbox 872 1443 916 1474; x_wconf 92' lang='lat' dir='ltr'><strong>ut</strong></span> <span class='ocrx_word' id='word_1_194' title='bbox 936 1435 1005 1473; x_wconf 86' lang='lat' dir='ltr'><strong>fiat</strong></span> <span class='ocrx_word' id='word_1_195' title='bbox 1027 1431 1175 1479; x_wconf 87' lang='lat' dir='ltr'><strong>nobile,</strong></span> <span class='ocrx_word' id='word_1_196' title='bbox 1198 1430 1300 1469; x_wconf 90' lang='lat' dir='ltr'><strong>sicut</strong></span> <span class='ocrx_word' id='word_1_197' title='bbox 1325 1441 1419 1467; x_wconf 90' lang='lat' dir='ltr'><strong>cum</strong></span> <span class='ocrx_word' id='word_1_198' title='bbox 1439 1428 1565 1478; x_wconf 90' lang='lat' dir='ltr'><strong>plum-</strong></span> 
     </span>
     <span class='ocr_line' id='line_1_24' title="bbox 83 1500 883 1548; baseline -0.018 -5"><span class='ocrx_word' id='word_1_199' title='bbox 83 1505 180 1543; x_wconf 88' lang='lat' dir='ltr'><strong>bum</strong></span> <span class='ocrx_word' id='word_1_200' title='bbox 201 1504 244 1542; x_wconf 88' lang='lat' dir='ltr'><strong>fit</strong></span> <span class='ocrx_word' id='word_1_201' title='bbox 263 1513 405 1540; x_wconf 90' lang='lat' dir='ltr'><strong>aurum</strong></span> <span class='ocrx_word' id='word_1_202' title='bbox 422 1506 461 1538; x_wconf 87' lang='lat' dir='ltr'><strong>et</strong></span> <span class='ocrx_word' id='word_1_203' title='bbox 481 1509 649 1548; x_wconf 90' lang='lat' dir='ltr'><strong>cuprum</strong></span> <span class='ocrx_word' id='word_1_204' title='bbox 662 1500 883 1545; x_wconf 84' lang='lat' dir='ltr'><strong>argentum.</strong></span> 
     </span>
    </p>

    <p class='ocr_par' dir='ltr' id='par_1_11' title="bbox 85 1542 1801 1664">
     <span class='ocr_line' id='line_1_25' title="bbox 138 1542 1801 1608; baseline -0.017 -11"><span class='ocrx_word' id='word_1_205' title='bbox 138 1558 270 1608; x_wconf 69' lang='lat' dir='ltr'><strong>Accipez</strong></span> <span class='ocrx_word' id='word_1_206' title='bbox 285 1555 447 1606; x_wconf 78' lang='lat' dir='ltr'><strong>lapidem</strong></span> <span class='ocrx_word' id='word_1_207' title='bbox 468 1553 689 1597; x_wconf 80' lang='lat' dir='ltr'><strong>animalem,</strong></span> <span class='ocrx_word' id='word_1_208' title='bbox 709 1554 769 1587; x_wconf 78' lang='lat' dir='ltr'><strong>etc.</strong></span> <span class='ocrx_word' id='word_1_209' title='bbox 792 1545 849 1597; x_wconf 85' lang='lat' dir='ltr'><strong>(p.</strong></span> <span class='ocrx_word' id='word_1_210' title='bbox 873 1560 887 1583; x_wconf 92' lang='lat'>1</span> <span class='ocrx_word' id='word_1_211' title='bbox 900 1543 976 1595; x_wconf 76' lang='lat'>14).</span> <span class='ocrx_word' id='word_1_212' title='bbox 1030 1543 1184 1582; x_wconf 89' lang='lat' dir='ltr'><strong>Omnes</strong></span> <span class='ocrx_word' id='word_1_213' title='bbox 1204 1546 1387 1578; x_wconf 84' lang='lat' dir='ltr'><strong>auctores</strong></span> <span class='ocrx_word' id='word_1_214' title='bbox 1406 1542 1567 1588; x_wconf 88' lang='lat' dir='ltr'><strong>propter</strong></span> <span class='ocrx_word' id='word_1_215' title='bbox 1584 1543 1645 1583; x_wconf 68' lang='lat' dir='ltr'><strong>‘rhe</strong></span> <span class='ocrx_word' id='word_1_216' title='bbox 1658 1551 1801 1577; x_wconf 75' lang='lat' dir='ltr'><strong>preserva-</strong></span> 
     </span>
     <span class='ocr_line' id='line_1_26' title="bbox 85 1577 1748 1664; baseline -0.017 -11"><span class='ocrx_word' id='word_1_217' title='bbox 85 1610 401 1664; x_wconf 85' lang='lat' dir='ltr'><strong>magnitudinem</strong></span> <span class='ocrx_word' id='word_1_218' title='bbox 418 1615 661 1648; x_wconf 89' lang='lat' dir='ltr'><strong>secretorum</strong></span> <span class='ocrx_word' id='word_1_219' title='bbox 677 1603 880 1643; x_wconf 85' lang='lat' dir='ltr'><strong>occultant</strong></span> <span class='ocrx_word' id='word_1_220' title='bbox 897 1597 1111 1638; x_wconf 84' lang='lat' dir='ltr'><strong>scienciam</strong></span> <span class='ocrx_word' id='word_1_221' title='bbox 1126 1594 1288 1634; x_wconf 88' lang='lat' dir='ltr'><strong>alkimie</strong></span> <span class='ocrx_word' id='word_1_222' title='bbox 1303 1606 1373 1644; x_wconf 91' lang='lat' dir='ltr'><strong>per</strong></span> <span class='ocrx_word' id='word_1_223' title='bbox 1392 1591 1514 1631; x_wconf 87' lang='lat' dir='ltr'><strong>verba</strong></span> <span class='ocrx_word' id='word_1_224' title='bbox 1529 1596 1567 1628; x_wconf 81' lang='lat' dir='ltr'><strong>et</strong></span> <span class='ocrx_word' id='word_1_225' title='bbox 1584 1577 1691 1639; x_wconf 57' lang='grc' dir='ltr'><strong>ξξζᾷεἳζ</strong></span> <span class='ocrx_word' id='word_1_226' title='bbox 1700 1577 1748 1638; x_wconf 57' lang='lat' dir='ltr'>{f&#39;fe</span> 
     </span>
    </p>

    <p class='ocr_par' dir='ltr' id='par_1_12' title="bbox 28 1643 1783 1936">
     <span class='ocr_line' id='line_1_27' title="bbox 28 1643 1724 1719; baseline -0.017 -10"><span class='ocrx_word' id='word_1_227' title='bbox 28 1678 66 1710; x_wconf 87' lang='lat'><strong>25</strong></span> <span class='ocrx_word' id='word_1_228' title='bbox 83 1681 204 1719; x_wconf 89' lang='lat' dir='ltr'><strong>opera</strong></span> <span class='ocrx_word' id='word_1_229' title='bbox 224 1662 524 1715; x_wconf 88' lang='lat' dir='ltr'><strong>methaphorica</strong></span> <span class='ocrx_word' id='word_1_230' title='bbox 544 1669 583 1700; x_wconf 89' lang='lat' dir='ltr'><strong>et</strong></span> <span class='ocrx_word' id='word_1_231' title='bbox 602 1659 818 1711; x_wconf 83' lang='lat' dir='ltr'><strong>figurativa,</strong></span> <span class='ocrx_word' id='word_1_232' title='bbox 840 1662 879 1694; x_wconf 92' lang='lat' dir='ltr'><strong>et</strong></span> <span class='ocrx_word' id='word_1_233' title='bbox 899 1655 977 1692; x_wconf 89' lang='lat' dir='ltr'><strong>hoc</strong></span> <span class='ocrx_word' id='word_1_234' title='bbox 998 1653 1053 1692; x_wconf 88' lang='lat' dir='ltr'><strong>eis</strong></span> <span class='ocrx_word' id='word_1_235' title='bbox 1073 1648 1277 1702; x_wconf 87' lang='lat' dir='ltr'><strong>inspiravit</strong></span> <span class='ocrx_word' id='word_1_236' title='bbox 1298 1650 1410 1686; x_wconf 91' lang='lat' dir='ltr'><strong>Deus</strong></span> <span class='ocrx_word' id='word_1_237' title='bbox 1430 1653 1474 1685; x_wconf 93' lang='lat' dir='ltr'><strong>ut</strong></span> <span class='ocrx_word' id='word_1_238' title='bbox 1495 1643 1569 1684; x_wconf 88' lang='lat' dir='ltr'><strong>soli</strong></span> <span class='ocrx_word' id='word_1_239' title='bbox 1584 1647 1724 1679; x_wconf 73' lang='lat' dir='ltr'><strong>alchemy·</strong></span> 
     </span>
     <span class='ocr_line' id='line_1_28' title="bbox 84 1701 1570 1774; baseline -0.017 -11"><span class='ocrx_word' id='word_1_240' title='bbox 84 1719 364 1774; x_wconf 85' lang='lat' dir='ltr'><strong>sapientissimi</strong></span> <span class='ocrx_word' id='word_1_241' title='bbox 376 1725 415 1758; x_wconf 92' lang='lat' dir='ltr'><strong>et</strong></span> <span class='ocrx_word' id='word_1_242' title='bbox 427 1715 569 1769; x_wconf 91' lang='lat' dir='ltr'><strong>optimi</strong></span> <span class='ocrx_word' id='word_1_243' title='bbox 580 1728 668 1754; x_wconf 84' lang='lat' dir='ltr'><strong>earn</strong></span> <span class='ocrx_word' id='word_1_244' title='bbox 682 1710 903 1764; x_wconf 88' lang='lat' dir='ltr'><strong>percipiant</strong></span> <span class='ocrx_word' id='word_1_245' title='bbox 915 1715 1076 1760; x_wconf 89' lang='lat' dir='ltr'><strong>propter</strong></span> <span class='ocrx_word' id='word_1_246' title='bbox 1087 1706 1241 1745; x_wconf 91' lang='lat' dir='ltr'><strong>bonum</strong></span> <span class='ocrx_word' id='word_1_247' title='bbox 1253 1701 1471 1754; x_wconf 85' lang='lat' dir='ltr'><strong>reipublice</strong></span> <span class='ocrx_word' id='word_1_248' title='bbox 1483 1712 1570 1750; x_wconf 91' lang='lat' dir='ltr'><strong>pro-</strong></span> 
     </span>
     <span class='ocr_line' id='line_1_29' title="bbox 85 1754 1773 1824; baseline -0.017 -7"><span class='ocrx_word' id='word_1_249' title='bbox 85 1777 318 1817; x_wconf 89' lang='lat' dir='ltr'><strong>curandum.</strong></span> <span class='ocrx_word' id='word_1_250' title='bbox 376 1773 495 1824; x_wconf 89' lang='lat' dir='ltr'><strong>Lapis</strong></span> <span class='ocrx_word' id='word_1_251' title='bbox 516 1770 632 1822; x_wconf 84' lang='lat' dir='ltr'><strong>igitur</strong></span> <span class='ocrx_word' id='word_1_252' title='bbox 647 1767 816 1807; x_wconf 89' lang='lat' dir='ltr'><strong>sumitur</strong></span> <span class='ocrx_word' id='word_1_253' title='bbox 831 1764 960 1816; x_wconf 91' lang='lat' dir='ltr'><strong>primo</strong></span> <span class='ocrx_word' id='word_1_254' title='bbox 976 1759 1277 1811; x_wconf 88' lang='lat' dir='ltr'><strong>methaphorice</strong></span> <span class='ocrx_word' id='word_1_255' title='bbox 1297 1770 1368 1808; x_wconf 93' lang='lat' dir='ltr'><strong>pro</strong></span> <span class='ocrx_word' id='word_1_256' title='bbox 1389 1754 1501 1795; x_wconf 93' lang='lat' dir='ltr'><strong>omni</strong></span> <span class='ocrx_word' id='word_1_257' title='bbox 1521 1767 1569 1793; x_wconf 90' lang='lat' dir='ltr'><strong>eo</strong></span> <span class='ocrx_word' id='word_1_258' title='bbox 1588 1771 1675 1797; x_wconf 66' lang='lat' dir='ltr'><strong>What</strong></span> <span class='ocrx_word' id='word_1_259' title='bbox 1689 1770 1712 1797; x_wconf 67' lang='lat'><strong>15</strong></span> <span class='ocrx_word' id='word_1_260' title='bbox 1725 1771 1773 1796; x_wconf 65' lang='lat' dir='ltr'><strong>the</strong></span> 
     </span>
     <span class='ocr_line' id='line_1_30' title="bbox 85 1805 1783 1882; baseline -0.017 -10"><span class='ocrx_word' id='word_1_261' title='bbox 85 1845 202 1882; x_wconf 88' lang='lat' dir='ltr'><strong>super</strong></span> <span class='ocrx_word' id='word_1_262' title='bbox 215 1843 296 1881; x_wconf 87' lang='lat' dir='ltr'><strong>quo</strong></span> <span class='ocrx_word' id='word_1_263' title='bbox 313 1828 451 1879; x_wconf 90' lang='lat' dir='ltr'><strong>incipit</strong></span> <span class='ocrx_word' id='word_1_264' title='bbox 463 1824 648 1877; x_wconf 90' lang='lat' dir='ltr'><strong>operacio</strong></span> <span class='ocrx_word' id='word_1_265' title='bbox 662 1820 834 1862; x_wconf 87' lang='lat' dir='ltr'><strong>alkimie.</strong></span> <span class='ocrx_word' id='word_1_266' title='bbox 884 1821 936 1858; x_wconf 85' lang='lat' dir='ltr'><strong>Et</strong></span> <span class='ocrx_word' id='word_1_267' title='bbox 950 1818 1027 1856; x_wconf 89' lang='lat' dir='ltr'><strong>hoc</strong></span> <span class='ocrx_word' id='word_1_268' title='bbox 1039 1822 1172 1867; x_wconf 90' lang='lat' dir='ltr'><strong>potest</strong></span> <span class='ocrx_word' id='word_1_269' title='bbox 1184 1826 1271 1852; x_wconf 91' lang='lat' dir='ltr'><strong>esse</strong></span> <span class='ocrx_word' id='word_1_270' title='bbox 1283 1825 1343 1851; x_wconf 89' lang='lat' dir='ltr'><strong>res</strong></span> <span class='ocrx_word' id='word_1_271' title='bbox 1357 1808 1567 1855; x_wconf 86' lang='lat' dir='ltr'><strong>mineralis‚</strong></span> <span class='ocrx_word' id='word_1_272' title='bbox 1587 1805 1783 1866; x_wconf 44' lang='lat' dir='ltr'><strong>{QUOSYOPhe‘S</strong></span> 
     </span>
     <span class='ocr_line' id='line_1_31' title="bbox 86 1849 1665 1936; baseline -0.016 -10"><span class='ocrx_word' id='word_1_273' title='bbox 86 1894 129 1926; x_wconf 89' lang='lat' dir='ltr'><strong>ut</strong></span> <span class='ocrx_word' id='word_1_274' title='bbox 149 1886 314 1936; x_wconf 90' lang='lat' dir='ltr'><strong>sulphur</strong></span> <span class='ocrx_word' id='word_1_275' title='bbox 334 1890 373 1922; x_wconf 92' lang='lat' dir='ltr'><strong>et</strong></span> <span class='ocrx_word' id='word_1_276' title='bbox 390 1880 626 1926; x_wconf 87' lang='lat' dir='ltr'><strong>arsenicum,</strong></span> <span class='ocrx_word' id='word_1_277' title='bbox 650 1885 709 1917; x_wconf 90' lang='lat' dir='ltr'><strong>set</strong></span> <span class='ocrx_word' id='word_1_278' title='bbox 729 1874 868 1915; x_wconf 92' lang='lat' dir='ltr'><strong>melior</strong></span> <span class='ocrx_word' id='word_1_279' title='bbox 888 1880 947 1912; x_wconf 89' lang='lat' dir='ltr'><strong>est</strong></span> <span class='ocrx_word' id='word_1_280' title='bbox 966 1884 1027 1910; x_wconf 92' lang='lat' dir='ltr'><strong>res</strong></span> <span class='ocrx_word' id='word_1_281' title='bbox 1046 1867 1277 1921; x_wconf 84' lang='lat' dir='ltr'><strong>vegetabilis</strong></span> <span class='ocrx_word' id='word_1_282' title='bbox 1298 1874 1341 1905; x_wconf 87' lang='lat' dir='ltr'><strong>ut</strong></span> <span class='ocrx_word' id='word_1_283' title='bbox 1360 1867 1510 1904; x_wconf 85' lang='lat' dir='ltr'><strong>fructus</strong></span> <span class='ocrx_word' id='word_1_284' title='bbox 1531 1869 1570 1902; x_wconf 93' lang='lat' dir='ltr'><strong>et</strong></span> <span class='ocrx_word' id='word_1_285' title='bbox 1585 1850 1597 1866; x_wconf 73' lang='lat'><strong>⁵</strong></span> <span class='ocrx_word' id='word_1_286' title='bbox 1631 1849 1665 1866; x_wconf 62' lang='lat' dir='ltr'><strong>ne</strong></span> 
     </span>
    </p>

    <p class='ocr_par' dir='ltr' id='par_1_13' title="bbox 30 1920 1821 2212">
     <span class='ocr_line' id='line_1_32' title="bbox 30 1920 1799 1992; baseline -0.017 -10"><span class='ocrx_word' id='word_1_287' title='bbox 30 1954 71 1986; x_wconf 81' lang='lat'><strong>30</strong></span> <span class='ocrx_word' id='word_1_288' title='bbox 86 1948 216 1992; x_wconf 88' lang='lat' dir='ltr'><strong>partes</strong></span> <span class='ocrx_word' id='word_1_289' title='bbox 245 1939 432 1978; x_wconf 91' lang='lat' dir='ltr'><strong>arborum</strong></span> <span class='ocrx_word' id='word_1_290' title='bbox 461 1943 501 1976; x_wconf 88' lang='lat' dir='ltr'><strong>et</strong></span> <span class='ocrx_word' id='word_1_291' title='bbox 529 1934 754 1978; x_wconf 86' lang='lat' dir='ltr'><strong>herbarum,</strong></span> <span class='ocrx_word' id='word_1_292' title='bbox 787 1928 939 1980; x_wconf 85' lang='lat' dir='ltr'><strong>optime</strong></span> <span class='ocrx_word' id='word_1_293' title='bbox 967 1938 1061 1965; x_wconf 92' lang='lat' dir='ltr'><strong>vero</strong></span> <span class='ocrx_word' id='word_1_294' title='bbox 1089 1930 1183 1963; x_wconf 89' lang='lat' dir='ltr'><strong>sunt</strong></span> <span class='ocrx_word' id='word_1_295' title='bbox 1212 1935 1273 1962; x_wconf 91' lang='lat' dir='ltr'><strong>res</strong></span> <span class='ocrx_word' id='word_1_296' title='bbox 1306 1920 1499 1960; x_wconf 90' lang='lat' dir='ltr'><strong>animales</strong></span> <span class='ocrx_word' id='word_1_297' title='bbox 1527 1924 1799 1959; x_wconf 59' lang='lat' dir='ltr'><strong>ut1nmateria1st</strong></span> 
     </span>
     <span class='ocr_line' id='line_1_33' title="bbox 87 1965 1796 2046; baseline -0.017 -11"><span class='ocrx_word' id='word_1_298' title='bbox 87 1994 245 2046; x_wconf 88' lang='lat' dir='ltr'><strong>sanguis</strong></span> <span class='ocrx_word' id='word_1_299' title='bbox 272 2006 394 2032; x_wconf 91' lang='lat' dir='ltr'><strong>ovum</strong></span> <span class='ocrx_word' id='word_1_300' title='bbox 421 1999 459 2030; x_wconf 89' lang='lat' dir='ltr'><strong>et</strong></span> <span class='ocrx_word' id='word_1_301' title='bbox 486 1988 629 2040; x_wconf 88' lang='lat' dir='ltr'><strong>capilli,</strong></span> <span class='ocrx_word' id='word_1_302' title='bbox 656 1994 693 2026; x_wconf 91' lang='lat' dir='ltr'><strong>et</strong></span> <span class='ocrx_word' id='word_1_303' title='bbox 718 1984 889 2023; x_wconf 84' lang='lat' dir='ltr'><strong>maxime</strong></span> <span class='ocrx_word' id='word_1_304' title='bbox 916 1988 1046 2032; x_wconf 87' lang='lat' dir='ltr'><strong>partes</strong></span> <span class='ocrx_word' id='word_1_305' title='bbox 1072 1977 1259 2025; x_wconf 84' lang='lat' dir='ltr'><strong>hominis,</strong></span> <span class='ocrx_word' id='word_1_306' title='bbox 1286 1983 1325 2015; x_wconf 90' lang='lat' dir='ltr'><strong>et</strong></span> <span class='ocrx_word' id='word_1_307' title='bbox 1353 1974 1456 2013; x_wconf 90' lang='lat' dir='ltr'><strong>inter</strong></span> <span class='ocrx_word' id='word_1_308' title='bbox 1485 1972 1570 2011; x_wconf 90' lang='lat' dir='ltr'><strong>illas</strong></span> <span class='ocrx_word' id='word_1_309' title='bbox 1587 1965 1796 2028; x_wconf 52' lang='lat' dir='ltr'><strong>ffiglffioffide</strong></span> 
     </span>
     <span class='ocr_line' id='line_1_34' title="bbox 87 2019 1821 2101; baseline -0.013 -11"><span class='ocrx_word' id='word_1_310' title='bbox 87 2051 257 2101; x_wconf 85' lang='lat' dir='ltr'><strong>sanguis,</strong></span> <span class='ocrx_word' id='word_1_311' title='bbox 279 2048 320 2086; x_wconf 92' lang='lat' dir='ltr'><strong>in</strong></span> <span class='ocrx_word' id='word_1_312' title='bbox 341 2060 422 2097; x_wconf 86' lang='lat' dir='ltr'><strong>quo</strong></span> <span class='ocrx_word' id='word_1_313' title='bbox 442 2046 495 2084; x_wconf 90' lang='lat' dir='ltr'><strong>ad</strong></span> <span class='ocrx_word' id='word_1_314' title='bbox 518 2044 680 2083; x_wconf 91' lang='lat' dir='ltr'><strong>oculum</strong></span> <span class='ocrx_word' id='word_1_315' title='bbox 702 2039 971 2089; x_wconf 84' lang='lat' dir='ltr'><strong>distinguntur</strong></span> <span class='ocrx_word' id='word_1_316' title='bbox 991 2042 1161 2086; x_wconf 87' lang='lat' dir='ltr'><strong>quatuor</strong></span> <span class='ocrx_word' id='word_1_317' title='bbox 1183 2033 1383 2077; x_wconf 89' lang='lat' dir='ltr'><strong>humores,</strong></span> <span class='ocrx_word' id='word_1_318' title='bbox 1406 2027 1567 2073; x_wconf 88' lang='lat' dir='ltr'><strong>scilicet,</strong></span> <span class='ocrx_word' id='word_1_319' title='bbox 1587 2043 1693 2070; x_wconf 84' lang='lat' dir='ltr'><strong>broken</strong></span> <span class='ocrx_word' id='word_1_320' title='bbox 1708 2051 1745 2075; x_wconf 75' lang='lat' dir='ltr'><strong>up</strong></span> <span class='ocrx_word' id='word_1_321' title='bbox 1759 2019 1821 2069; x_wconf 75' lang='lat' dir='ltr'><strong>into</strong></span> 
     </span>
     <span class='ocr_line' id='line_1_35' title="bbox 88 2077 1783 2151; baseline -0.018 -6"><span class='ocrx_word' id='word_1_322' title='bbox 88 2107 245 2151; x_wconf 88' lang='lat' dir='ltr'><strong>fleuma,</strong></span> <span class='ocrx_word' id='word_1_323' title='bbox 278 2103 421 2148; x_wconf 86' lang='lat' dir='ltr'><strong>colera,</strong></span> <span class='ocrx_word' id='word_1_324' title='bbox 454 2099 625 2149; x_wconf 84' lang='lat' dir='ltr'><strong>sanguis,</strong></span> <span class='ocrx_word' id='word_1_325' title='bbox 658 2102 697 2135; x_wconf 90' lang='lat' dir='ltr'><strong>et</strong></span> <span class='ocrx_word' id='word_1_326' title='bbox 732 2090 980 2133; x_wconf 86' lang='lat' dir='ltr'><strong>melancolia.</strong></span> <span class='ocrx_word' id='word_1_327' title='bbox 1046 2086 1259 2128; x_wconf 87' lang='lat' dir='ltr'><strong>Alkimista</strong></span> <span class='ocrx_word' id='word_1_328' title='bbox 1291 2083 1409 2135; x_wconf 85' lang='lat' dir='ltr'><strong>igitur</strong></span> <span class='ocrx_word' id='word_1_329' title='bbox 1440 2080 1571 2133; x_wconf 89' lang='lat' dir='ltr'><strong>querit</strong></span> <span class='ocrx_word' id='word_1_330' title='bbox 1588 2077 1624 2104; x_wconf 65' lang='lat'><strong>115</strong></span> <span class='ocrx_word' id='word_1_331' title='bbox 1637 2078 1783 2107; x_wconf 63' lang='lat' dir='ltr'>hum0¹¹s³¹</span> 
     </span>
     <span class='ocr_line' id='line_1_36' title="bbox 88 2136 1570 2212; baseline -0.018 -13"><span class='ocrx_word' id='word_1_332' title='bbox 88 2171 269 2212; x_wconf 85' lang='lat' dir='ltr'><strong>separare</strong></span> <span class='ocrx_word' id='word_1_333' title='bbox 289 2158 362 2195; x_wconf 90' lang='lat' dir='ltr'><strong>hos</strong></span> <span class='ocrx_word' id='word_1_334' title='bbox 388 2157 577 2193; x_wconf 90' lang='lat' dir='ltr'><strong>humores</strong></span> <span class='ocrx_word' id='word_1_335' title='bbox 596 2149 821 2190; x_wconf 88' lang='lat' dir='ltr'><strong>abinvicem</strong></span> <span class='ocrx_word' id='word_1_336' title='bbox 842 2155 881 2186; x_wconf 88' lang='lat' dir='ltr'><strong>et</strong></span> <span class='ocrx_word' id='word_1_337' title='bbox 901 2157 1067 2197; x_wconf 84' lang='lat' dir='ltr'><strong>purgare</strong></span> <span class='ocrx_word' id='word_1_338' title='bbox 1093 2140 1313 2193; x_wconf 87' lang='lat' dir='ltr'><strong>quemlibet</strong></span> <span class='ocrx_word' id='word_1_339' title='bbox 1333 2152 1356 2177; x_wconf 89' lang='lat' dir='ltr'><strong>a</strong></span> <span class='ocrx_word' id='word_1_340' title='bbox 1376 2136 1570 2189; x_wconf 88' lang='lat' dir='ltr'><strong>quolibet.</strong></span> 
     </span>
    </p>

    <p class='ocr_par' dir='ltr' id='par_1_14' title="bbox 34 2191 1838 2472">
     <span class='ocr_line' id='line_1_37' title="bbox 34 2191 1838 2263; baseline -0.018 -8"><span class='ocrx_word' id='word_1_341' title='bbox 34 2229 71 2260; x_wconf 79' lang='lat'><strong>35</strong></span> <span class='ocrx_word' id='word_1_342' title='bbox 91 2216 142 2253; x_wconf 90' lang='lat' dir='ltr'><strong>Et</strong></span> <span class='ocrx_word' id='word_1_343' title='bbox 162 2227 254 2253; x_wconf 91' lang='lat' dir='ltr'><strong>cum</strong></span> <span class='ocrx_word' id='word_1_344' title='bbox 281 2225 351 2263; x_wconf 89' lang='lat' dir='ltr'><strong>per</strong></span> <span class='ocrx_word' id='word_1_345' title='bbox 369 2208 545 2250; x_wconf 86' lang='lat' dir='ltr'><strong>difficilia</strong></span> <span class='ocrx_word' id='word_1_346' title='bbox 571 2219 693 2257; x_wconf 87' lang='lat' dir='ltr'><strong>opera</strong></span> <span class='ocrx_word' id='word_1_347' title='bbox 717 2202 864 2243; x_wconf 90' lang='lat' dir='ltr'><strong>fuerint</strong></span> <span class='ocrx_word' id='word_1_348' title='bbox 889 2201 1049 2239; x_wconf 89' lang='lat' dir='ltr'><strong>redacta</strong></span> <span class='ocrx_word' id='word_1_349' title='bbox 1075 2199 1127 2236; x_wconf 89' lang='lat' dir='ltr'><strong>ad</strong></span> <span class='ocrx_word' id='word_1_350' title='bbox 1154 2208 1271 2247; x_wconf 89' lang='lat' dir='ltr'><strong>puras</strong></span> <span class='ocrx_word' id='word_1_351' title='bbox 1298 2191 1571 2243; x_wconf 88' lang='lat' dir='ltr'><strong>simplicitates</strong></span> <span class='ocrx_word' id='word_1_352' title='bbox 1588 2197 1838 2239; x_wconf 61' lang='lat' dir='ltr'><strong>argdrecombined</strong></span> 
     </span>
     <span class='ocr_line' id='line_1_38' title="bbox 91 2234 1810 2316; baseline -0.017 -7"><span class='ocrx_word' id='word_1_353' title='bbox 91 2282 192 2316; x_wconf 83' lang='lat' dir='ltr'><strong>suas,</strong></span> <span class='ocrx_word' id='word_1_354' title='bbox 214 2276 310 2306; x_wconf 88' lang='lat' dir='ltr'><strong>tunc</strong></span> <span class='ocrx_word' id='word_1_355' title='bbox 329 2263 642 2304; x_wconf 89' lang='lat' dir='ltr'><strong>commiscentur</strong></span> <span class='ocrx_word' id='word_1_356' title='bbox 660 2265 811 2299; x_wconf 85' lang='lat' dir='ltr'><strong>secreta</strong></span> <span class='ocrx_word' id='word_1_357' title='bbox 831 2253 1095 2307; x_wconf 89' lang='lat' dir='ltr'><strong>proporcione</strong></span> <span class='ocrx_word' id='word_1_358' title='bbox 1116 2258 1155 2290; x_wconf 86' lang='lat' dir='ltr'><strong>et</strong></span> <span class='ocrx_word' id='word_1_359' title='bbox 1173 2248 1402 2295; x_wconf 89' lang='lat' dir='ltr'><strong>certissima,</strong></span> <span class='ocrx_word' id='word_1_360' title='bbox 1426 2245 1573 2297; x_wconf 90' lang='lat' dir='ltr'><strong>quibus</strong></span> <span class='ocrx_word' id='word_1_361' title='bbox 1590 2234 1658 2261; x_wconf 50' lang='grc' dir='ltr'><strong>Μὴ</strong></span> <span class='ocrx_word' id='word_1_362' title='bbox 1671 2241 1810 2264; x_wconf 57' lang='lat' dir='ltr'>mercury&#39;</span> 
     </span>
     <span class='ocr_line' id='line_1_39' title="bbox 92 2300 1575 2372; baseline -0.017 -9"><span class='ocrx_word' id='word_1_363' title='bbox 92 2323 252 2363; x_wconf 90' lang='lat' dir='ltr'><strong>additur</strong></span> <span class='ocrx_word' id='word_1_364' title='bbox 271 2326 479 2372; x_wconf 88' lang='lat' dir='ltr'><strong>argentum</strong></span> <span class='ocrx_word' id='word_1_365' title='bbox 499 2316 633 2355; x_wconf 91' lang='lat' dir='ltr'><strong>vivum</strong></span> <span class='ocrx_word' id='word_1_366' title='bbox 654 2321 868 2366; x_wconf 86' lang='lat' dir='ltr'><strong>postquam</strong></span> <span class='ocrx_word' id='word_1_367' title='bbox 889 2309 1172 2349; x_wconf 88' lang='lat' dir='ltr'><strong>mortificatum</strong></span> <span class='ocrx_word' id='word_1_368' title='bbox 1192 2303 1309 2343; x_wconf 87' lang='lat' dir='ltr'><strong>fuerit</strong></span> <span class='ocrx_word' id='word_1_369' title='bbox 1330 2310 1369 2342; x_wconf 92' lang='lat' dir='ltr'><strong>et</strong></span> <span class='ocrx_word' id='word_1_370' title='bbox 1389 2300 1575 2341; x_wconf 87' lang='lat' dir='ltr'><strong>sublima-</strong></span> 
     </span>
     <span class='ocr_line' id='line_1_40' title="bbox 93 2355 1575 2428; baseline -0.018 -10"><span class='ocrx_word' id='word_1_371' title='bbox 93 2387 178 2417; x_wconf 89' lang='lat' dir='ltr'><strong>tum</strong></span> <span class='ocrx_word' id='word_1_372' title='bbox 198 2375 357 2428; x_wconf 90' lang='lat' dir='ltr'><strong>pluries.</strong></span> <span class='ocrx_word' id='word_1_373' title='bbox 426 2371 614 2412; x_wconf 88' lang='lat' dir='ltr'><strong>Similiter</strong></span> <span class='ocrx_word' id='word_1_374' title='bbox 633 2371 718 2409; x_wconf 86' lang='lat' dir='ltr'><strong>calx</strong></span> <span class='ocrx_word' id='word_1_375' title='bbox 740 2369 821 2406; x_wconf 89' lang='lat' dir='ltr'><strong>sive</strong></span> <span class='ocrx_word' id='word_1_376' title='bbox 842 2363 970 2416; x_wconf 92' lang='lat' dir='ltr'><strong>pulvis</strong></span> <span class='ocrx_word' id='word_1_377' title='bbox 991 2360 1140 2402; x_wconf 87' lang='lat' dir='ltr'><strong>metalli</strong></span> <span class='ocrx_word' id='word_1_378' title='bbox 1164 2358 1311 2398; x_wconf 89' lang='lat' dir='ltr'><strong>vilioris</strong></span> <span class='ocrx_word' id='word_1_379' title='bbox 1331 2359 1383 2397; x_wconf 91' lang='lat' dir='ltr'><strong>de</strong></span> <span class='ocrx_word' id='word_1_380' title='bbox 1404 2369 1485 2407; x_wconf 92' lang='lat' dir='ltr'><strong>quo</strong></span> <span class='ocrx_word' id='word_1_381' title='bbox 1507 2355 1575 2393; x_wconf 89' lang='lat' dir='ltr'><strong>fiet</strong></span> 
     </span>
     <span class='ocr_line' id='line_1_41' title="bbox 93 2414 1576 2472; baseline -0.017 0"><span class='ocrx_word' id='word_1_382' title='bbox 93 2432 278 2472; x_wconf 89' lang='lat' dir='ltr'><strong>nobilius.</strong></span> <span class='ocrx_word' id='word_1_383' title='bbox 350 2431 402 2468; x_wconf 91' lang='lat' dir='ltr'><strong>Et</strong></span> <span class='ocrx_word' id='word_1_384' title='bbox 440 2425 618 2466; x_wconf 89' lang='lat' dir='ltr'><strong>similiter</strong></span> <span class='ocrx_word' id='word_1_385' title='bbox 656 2420 875 2463; x_wconf 90' lang='lat' dir='ltr'><strong>nobilioris.</strong></span> <span class='ocrx_word' id='word_1_386' title='bbox 947 2420 1000 2457; x_wconf 89' lang='lat' dir='ltr'><strong>Et</strong></span> <span class='ocrx_word' id='word_1_387' title='bbox 1037 2423 1129 2468; x_wconf 86' lang='lat' dir='ltr'><strong>post</strong></span> <span class='ocrx_word' id='word_1_388' title='bbox 1165 2415 1241 2453; x_wconf 90' lang='lat' dir='ltr'><strong>hec</strong></span> <span class='ocrx_word' id='word_1_389' title='bbox 1275 2414 1576 2462; x_wconf 83' lang='lat' dir='ltr'><strong>incorporentur</strong></span> 
     </span>
    </p>

    <p class='ocr_par' dir='ltr' id='par_1_15' title="bbox 35 2462 1842 2647">
     <span class='ocr_line' id='line_1_42' title="bbox 35 2462 1575 2536; baseline -0.018 -8"><span class='ocrx_word' id='word_1_390' title='bbox 35 2504 78 2536; x_wconf 90' lang='lat'><strong>40</strong></span> <span class='ocrx_word' id='word_1_391' title='bbox 93 2485 317 2527; x_wconf 77' lang='lat' dir='ltr'><strong>adinvicem</strong></span> <span class='ocrx_word' id='word_1_392' title='bbox 365 2484 497 2522; x_wconf 90' lang='lat' dir='ltr'><strong>donec</strong></span> <span class='ocrx_word' id='word_1_393' title='bbox 543 2482 640 2519; x_wconf 89' lang='lat' dir='ltr'><strong>fiant</strong></span> <span class='ocrx_word' id='word_1_394' title='bbox 678 2490 804 2517; x_wconf 88' lang='lat' dir='ltr'><strong>unum</strong></span> <span class='ocrx_word' id='word_1_395' title='bbox 843 2486 1000 2524; x_wconf 90' lang='lat' dir='ltr'><strong>corpus.</strong></span> <span class='ocrx_word' id='word_1_396' title='bbox 1069 2472 1121 2510; x_wconf 91' lang='lat' dir='ltr'><strong>Et</strong></span> <span class='ocrx_word' id='word_1_397' title='bbox 1158 2477 1254 2508; x_wconf 91' lang='lat' dir='ltr'><strong>tunc</strong></span> <span class='ocrx_word' id='word_1_398' title='bbox 1301 2465 1491 2518; x_wconf 89' lang='lat' dir='ltr'><strong>proicitur</strong></span> <span class='ocrx_word' id='word_1_399' title='bbox 1534 2462 1575 2501; x_wconf 92' lang='lat' dir='ltr'><strong>in</strong></span> 
     </span>
     <span class='ocr_line' id='line_1_43' title="bbox 96 2519 1642 2587; baseline -0.017 -6"><span class='ocrx_word' id='word_1_400' title='bbox 96 2542 300 2581; x_wconf 87' lang='lat' dir='ltr'><strong>metallum</strong></span> <span class='ocrx_word' id='word_1_401' title='bbox 320 2538 435 2578; x_wconf 90' lang='lat' dir='ltr'><strong>vilius</strong></span> <span class='ocrx_word' id='word_1_402' title='bbox 454 2536 650 2587; x_wconf 88' lang='lat' dir='ltr'><strong>liquatum</strong></span> <span class='ocrx_word' id='word_1_403' title='bbox 671 2540 709 2572; x_wconf 92' lang='lat' dir='ltr'><strong>et</strong></span> <span class='ocrx_word' id='word_1_404' title='bbox 730 2533 773 2571; x_wconf 86' lang='lat' dir='ltr'><strong>fit</strong></span> <span class='ocrx_word' id='word_1_405' title='bbox 793 2530 979 2569; x_wconf 91' lang='lat' dir='ltr'><strong>nobilius.</strong></span> <span class='ocrx_word' id='word_1_406' title='bbox 1040 2527 1107 2565; x_wconf 91' lang='lat' dir='ltr'><strong>Set</strong></span> <span class='ocrx_word' id='word_1_407' title='bbox 1127 2524 1167 2563; x_wconf 94' lang='lat' dir='ltr'><strong>in</strong></span> <span class='ocrx_word' id='word_1_408' title='bbox 1183 2522 1372 2563; x_wconf 91' lang='lat' dir='ltr'><strong>omnibus</strong></span> <span class='ocrx_word' id='word_1_409' title='bbox 1387 2519 1463 2559; x_wconf 89' lang='lat' dir='ltr'><strong>hiis</strong></span> <span class='ocrx_word' id='word_1_410' title='bbox 1485 2525 1577 2558; x_wconf 90' lang='lat' dir='ltr'><strong>sunt</strong></span> <span class='ocrx_word' id='word_1_411' title='bbox 1637 2557 1642 2562; x_wconf 72' lang='grc'>,</span> 
     </span>
     <span class='ocr_line' id='line_1_44' title="bbox 96 2559 1842 2647; baseline -0.017 -11"><span class='ocrx_word' id='word_1_412' title='bbox 96 2609 217 2647; x_wconf 84' lang='lat' dir='ltr'><strong>opera</strong></span> <span class='ocrx_word' id='word_1_413' title='bbox 249 2592 468 2633; x_wconf 87' lang='lat' dir='ltr'><strong>difficilima</strong></span> <span class='ocrx_word' id='word_1_414' title='bbox 505 2598 544 2630; x_wconf 91' lang='lat' dir='ltr'><strong>et</strong></span> <span class='ocrx_word' id='word_1_415' title='bbox 578 2599 811 2640; x_wconf 84' lang='lat' dir='ltr'><strong>magnarum</strong></span> <span class='ocrx_word' id='word_1_416' title='bbox 850 2593 1113 2634; x_wconf 86' lang='lat' dir='ltr'><strong>expensarum</strong></span> <span class='ocrx_word' id='word_1_417' title='bbox 1143 2580 1195 2618; x_wconf 88' lang='lat' dir='ltr'><strong>ad</strong></span> <span class='ocrx_word' id='word_1_418' title='bbox 1234 2590 1313 2628; x_wconf 87' lang='lat' dir='ltr'><strong>que</strong></span> <span class='ocrx_word' id='word_1_419' title='bbox 1351 2587 1474 2626; x_wconf 90' lang='lat' dir='ltr'><strong>opera</strong></span> <span class='ocrx_word' id='word_1_420' title='bbox 1502 2571 1576 2612; x_wconf 88' lang='lat' dir='ltr'><strong>soli</strong></span> <span class='ocrx_word' id='word_1_421' title='bbox 1593 2559 1782 2619; x_wconf 56' lang='grc' dir='ltr'><strong>ἕῗςξῗρὲιῖἲέἀ</strong></span> <span class='ocrx_word' id='word_1_422' title='bbox 1795 2599 1842 2616; x_wconf 66' lang='lat' dir='ltr'><strong>ex,</strong></span> 
     </span>
    </p>

    <p class='ocr_par' dir='ltr' id='par_1_16' title="bbox 66 2624 1795 2703">
     <span class='ocr_line' id='line_1_45' title="bbox 66 2624 1795 2703; baseline -0.016 -13"><span class='ocrx_word' id='word_1_423' title='bbox 66 2693 77 2703; x_wconf 43' lang='lat'><strong>·</strong></span> <span class='ocrx_word' id='word_1_424' title='bbox 96 2647 376 2701; x_wconf 86' lang='lat' dir='ltr'><strong>sapientissimi</strong></span> <span class='ocrx_word' id='word_1_425' title='bbox 415 2654 453 2686; x_wconf 92' lang='lat' dir='ltr'><strong>et</strong></span> <span class='ocrx_word' id='word_1_426' title='bbox 491 2644 633 2684; x_wconf 87' lang='lat' dir='ltr'><strong>divites</strong></span> <span class='ocrx_word' id='word_1_427' title='bbox 671 2643 675 2693; x_wconf 79' lang='grc'>1</span> <span class='ocrx_word' id='word_1_428' title='bbox 713 2647 881 2693; x_wconf 88' lang='lat' dir='ltr'><strong>possunt</strong></span> <span class='ocrx_word' id='word_1_429' title='bbox 921 2636 1137 2688; x_wconf 89' lang='lat' dir='ltr'><strong>pervenire.</strong></span> <span class='ocrx_word' id='word_1_430' title='bbox 1194 2635 1269 2671; x_wconf 92' lang='lat' dir='ltr'><strong>Per</strong></span> <span class='ocrx_word' id='word_1_431' title='bbox 1307 2632 1383 2670; x_wconf 88' lang='lat' dir='ltr'><strong>hec</strong></span> <span class='ocrx_word' id='word_1_432' title='bbox 1420 2640 1576 2680; x_wconf 89' lang='lat' dir='ltr'><strong>expone</strong></span> <span class='ocrx_word' id='word_1_433' title='bbox 1594 2625 1709 2660; x_wconf 63' lang='lat' dir='ltr'><strong>Pensive</strong></span> <span class='ocrx_word' id='word_1_434' title='bbox 1722 2624 1795 2651; x_wconf 66' lang='lat'>1³8¹&lt;-</span> 
     </span>
    </p>
   </div>
   <div class='ocr_carea' id='block_1_6' title="bbox 62 2669 1683 2755">
    <p class='ocr_par' dir='ltr' id='par_1_17' title="bbox 62 2669 1683 2755">
     <span class='ocr_line' id='line_1_46' title="bbox 62 2669 1683 2755; baseline -0.017 -10"><span class='ocrx_word' id='word_1_435' title='bbox 62 2738 65 2740; x_wconf 89' lang='lat'>.</span> <span class='ocrx_word' id='word_1_436' title='bbox 96 2703 313 2755; x_wconf 86' lang='lat' dir='ltr'><strong>capitulum</strong></span> <span class='ocrx_word' id='word_1_437' title='bbox 334 2703 424 2741; x_wconf 91' lang='lat' dir='ltr'><strong>hoc.</strong></span> <span class='ocrx_word' id='word_1_438' title='bbox 484 2702 535 2738; x_wconf 90' lang='lat' dir='ltr'><strong>Et</strong></span> <span class='ocrx_word' id='word_1_439' title='bbox 556 2699 730 2738; x_wconf 85' lang='lat' dir='ltr'><strong>coleram</strong></span> <span class='ocrx_word' id='word_1_440' title='bbox 761 2701 877 2735; x_wconf 90' lang='lat' dir='ltr'><strong>vocat</strong></span> <span class='ocrx_word' id='word_1_441' title='bbox 904 2704 1051 2742; x_wconf 82' lang='lat' dir='ltr'><strong>lgnem,</strong></span> <span class='ocrx_word' id='word_1_442' title='bbox 1072 2690 1166 2740; x_wconf 88' lang='lat' dir='ltr'><strong>quia</strong></span> <span class='ocrx_word' id='word_1_443' title='bbox 1195 2685 1425 2727; x_wconf 89' lang='lat' dir='ltr'><strong>dominatur</strong></span> <span class='ocrx_word' id='word_1_444' title='bbox 1447 2683 1488 2722; x_wconf 91' lang='lat' dir='ltr'><strong>in</strong></span> <span class='ocrx_word' id='word_1_445' title='bbox 1518 2695 1577 2729; x_wconf 89' lang='lat' dir='ltr'><strong>ea,</strong></span> <span class='ocrx_word' id='word_1_446' title='bbox 1596 2671 1636 2711; x_wconf 72' lang='grc'><strong>89</strong></span> <span class='ocrx_word' id='word_1_447' title='bbox 1652 2669 1683 2700; x_wconf 89' lang='lat' dir='ltr'><strong>b.</strong></span> 
     </span>
    </p>
   </div>
   <div class='ocr_carea' id='block_1_7' title="bbox 37 2775 1510 2831">
    <p class='ocr_par' dir='ltr' id='par_1_18' title="bbox 37 2775 1510 2831">
     <span class='ocr_line' id='line_1_47' title="bbox 37 2775 1510 2831; baseline -0.015 -8"><span class='ocrx_word' id='word_1_448' title='bbox 37 2791 78 2823; x_wconf 86' lang='lat'><strong>45</strong></span> <span class='ocrx_word' id='word_1_449' title='bbox 143 2792 273 2831; x_wconf 81' lang='lat' dir='ltr'><strong>Alsoot</strong></span> <span class='ocrx_word' id='word_1_450' title='bbox 287 2789 355 2830; x_wconf 88' lang='lat' dir='ltr'><em>⁰ff·</em></span> <span class='ocrx_word' id='word_1_451' title='bbox 376 2791 464 2830; x_wconf 77' lang='lat'><em>8901:</em></span> <span class='ocrx_word' id='word_1_452' title='bbox 492 2787 672 2825; x_wconf 87' lang='lat' dir='ltr'><strong>‘alterans‚</strong></span> <span class='ocrx_word' id='word_1_453' title='bbox 692 2783 925 2820; x_wconf 76' lang='lat' dir='ltr'><strong>introducens,</strong></span> <span class='ocrx_word' id='word_1_454' title='bbox 946 2777 1181 2810; x_wconf 88' lang='lat' dir='ltr'><strong>determinans</strong></span> <span class='ocrx_word' id='word_1_455' title='bbox 1198 2780 1233 2806; x_wconf 88' lang='lat' dir='ltr'><strong>et</strong></span> <span class='ocrx_word' id='word_1_456' title='bbox 1249 2775 1382 2814; x_wconf 63' lang='lat' dir='ltr'><strong>figens]</strong></span> <span class='ocrx_word' id='word_1_457' title='bbox 1428 2782 1510 2803; x_wconf 70' lang='lat' dir='ltr'><strong>corr.</strong></span> 
     </span>
    </p>
   </div>
  </div>
 </body>
</html>
