1908 3126
1018 44 1076 80 44

1751 75 1766 82 ο

1230 105 1250 123 0
1879 82 1908 134 ,ἐξ1

13 162 38 186 A
52 161 121 194 king
135 161 239 187 >imum
299 147 521 195 habuerit,
545 148 720 198 scilicet,
742 147 976 188 avariciam
1003 146 1069 187 vel
1100 146 1462 201 prodigalitatem
1482 160 1490 197 ;
1509 145 1557 188 ,si
1579 145 1686 186 velit
1708 145 1790 185 sibi
1882 136 1901 167 '¹'

12 196 252 256 ffiffiisssllsslffdem
303 218 543 269 consulere,
560 218 691 259 debet
705 231 804 258 cum
820 230 992 257 summa
1007 216 1240 270 diligencia
1256 217 1486 271 providere
1499 216 1638 256 virum
1655 229 1790 257 unum

303 288 756 338 fidelemdiscretum,
773 295 816 328 et
833 287 1019 329 electum
1035 288 1090 328 de
1106 287 1268 335 multis,
1283 287 1351 328 cui
1368 286 1498 327 debet
1515 287 1790 342 committere

303 374 370 400 res
394 359 590 414 publicas
614 358 931 411 disponendas,
954 364 997 398 et
1020 358 1141 412 regni
1163 357 1345 398 divicias
1367 355 1692 410 gubernandas.

366 462 616 517 Capitulum
643 468 814 503 sextum
845 460 987 502 adhuc
1007 461 1058 501 de
1078 460 1166 502 lziis
1186 475 1265 515 que
1276 461 1503 515 pertinent
1526 460 1736 514 largitati
1752 467 1793 500 ct
1811 471 1828 502 5

300 533 585 575 declz'nacz'om'
594 531 931 586 prodzgralitatis
951 539 993 573 ct
1014 532 1219 573 avaricie.

11 623 117 684 gkting
131 633 196 683 Ἔριν
234 658 257 683 Is
460 613 736 663 Alexander,
775 613 959 654 firmiter
993 613 1092 654 dico
1134 613 1212 654 tibi
1249 614 1367 667 quod
1405 608 1602 666 Quisquis
1639 626 1790 666 regum

12 667 275 725 agiifflkiiigffom
428 683 650 739 superflue
695 684 922 724 continuat
966 684 1234 725 donaciones
1276 683 1390 724 ultra
1433 697 1564 737 quam
1610 680 1798 737 regnum

14 727 50 760 by
65 727 248 759 p¹⁰d¹gaht³‘
303 768 429 794 suum
465 755 604 808 possit
643 755 869 802 sustinere,
902 753 998 795 talis
1031 768 1110 794 rex
1143 754 1432 808 proculdubio
1465 753 1716 803 destruitur,
1750 759 1792 793 et

303 825 501 866 destruit.
567 825 680 865 Dico
708 825 839 878 igitur
870 825 1030 865 iterum
1057 832 1237 878 propter
1265 823 1386 873 illud,
1415 824 1534 877 quod
1568 836 1792 876 nunquam
1818 837 1856 859 10
1890 805 1897 816 ⁰

304 896 468 936 cessavi
501 895 646 936 dicere
678 895 915 936 clemencie
948 901 1033 943 tue,
1056 895 1174 947 quod
1202 894 1445 935 declinacio
1468 893 1794 948 prodigalitatis

303 973 347 1007 et
379 966 564 1006 avaricie
587 971 630 1006 et
655 965 890 1018 acquisicio
919 964 1134 1019 largitatis
1166 971 1231 1005 est
1262 964 1404 1018 gloria
1435 978 1589 1019 regum
1623 971 1674 1005 et*
1698 977 1793 1023 per-
1851 973 1861 980 ‘

13 1052 75 1090 Thr-e
88 1052 216 1085 gloryof
303 1036 505 1076 hennitas
539 1048 786 1088 regnorum.
852 1035 911 1074 Et
945 1035 1028 1075 hoc
1059 1034 1108 1075 fit
1139 1036 1316 1089 quando
1346 1049 1426 1075 rex
1455 1049 1501 1075 se
1530 1034 1722 1075 abstinet
1749 1040 1792 1073 et

12 1087 120 1119 ‘flung'
305 1105 485 1146 retrahit
509 1119 686 1146 manum
712 1118 836 1146 suam
861 1120 885 1146 a
910 1105 1035 1145 bonis
1056 1111 1099 1146 et
1130 1105 1481 1158 possessionibus
1503 1104 1794 1145 subditorum.

13 1184 225 1246 ἑὶὲῗῃιῖῗὶεεὶῖὶίἒὲ
239 1187 266 1210 ot
308 1175 438 1216 Unde
461 1175 678 1216 invenitur
694 1175 903 1228 scriptum
924 1176 965 1215 in
985 1176 1203 1229 preceptis
1222 1175 1369 1229 magni
1388 1175 1583 1216 doctoris
1603 1174 1794 1215 Hermo-
1817 1187 1855 1218 15

42 1272 45 1274 -
127 1240 144 1253 ὗ
202 1240 220 1244 ’“
305 1245 428 1298 genis
456 1247 576 1299 quod
607 1260 778 1286 summa
809 1252 852 1286 et
874 1260 979 1286 vera
1007 1246 1182 1287 bonitas
1210 1253 1253 1286 et
1283 1245 1456 1286 claritas
1484 1244 1729 1286 intellectus
1751 1250 1794 1283 et

305 1315 532 1368 plenitudo
554 1315 662 1369 legis
680 1330 730 1357 ac
748 1314 1032 1370 perfeccionis
1050 1317 1224 1369 signum
1242 1323 1308 1356 est
1330 1317 1373 1356 in
1397 1329 1499 1370 rege
1521 1314 1794 1356 abstinencia

14 1431 67 1456 Wh
82 1441 88 1451 V
103 1431 150 1456 [he
163 1430 243 1463 king-
303 1400 327 1425 a
349 1386 542 1440 pecuniis
565 1393 608 1427 et
634 1387 986 1439 possessionibus
1008 1386 1299 1428 subditorum.

12 1441 82 1525 &pi
95 1466 126 1491 of
136 1464 219 1497 Syria
366 1454 466 1508 Que
482 1456 500 1495 s
501 1456 561 1497 uit
577 1469 706 1497 causa
720 1457 1028 1514 destructionis
1047 1457 1166 1510 regni
1183 1456 1471 1498 caldeorum?
1515 1455 1676 1495 Nonne
1693 1455 1795 1508 quia
1866 1518 1871 1521 Ἰ

63 1520 68 1525 ’
195 1544 234 1575 39
253 1546 281 1566 a.
305 1525 583 1579 superfluitas
620 1540 916 1580 expensarum
946 1524 952 1581 Ι
979 1527 1214 1580 superabat
1249 1527 1444 1567 redditus
1478 1526 1720 1573 civitatum,
1752 1532 1795 1564 ct
1818 1531 1895 1560 20'·

16 1589 149 1621 prodigal
168 1589 252 1621 kings

14 1624 246 1655 metemptedm
305 1596 376 1644 sic,
400 1595 707 1637 deficientibus
741 1597 985 1637 redditibus
1019 1604 1062 1637 et
1094 1597 1301 1651 expensis
1336 1610 1460 1650 reges
1497 1595 1823 1635 extenderunt·

14 1657 211 1724 ξξζξξξέζῂθὶῑ
308 1679 464 1706 manus
481 1680 582 1707 suas
596 1667 651 1706 ad
671 1681 738 1707 res
757 1674 801 1707 et
820 1667 1018 1707 redditus
1034 1666 1252 1708 aliorum?
1298 1666 1477 1707 Subditi
1493 1679 1596 1706 vero
1614 1672 1796 1719 propter

307 1736 506 1789 injuriam
537 1737 839 1778 clamaverunt
871 1738 927 1777 ad
953 1737 1097 1777 Deum
1124 1737 1350 1778 excelsum
1375 1742 1419 1776 et
1444 1736 1698 1790 gloriosum,
1720 1736 1794 1788 qui

17 1794 240 1867 liffleffi'g'rssffff
309 1807 486 1847 mittens
518 1813 700 1848 ventum
734 1807 926 1848 validum
965 1807 1128 1848 afflixit
1166 1821 1240 1848 eos
1275 1806 1572 1848 vehementer.
1636 1806 1697 1848 Et
1732 1805 1795 1845 in-

307 1877 497 1917 surrexit
536 1877 727 1931 populus
764 1886 918 1919 contra
960 1892 1047 1925 eos,
1084 1887 1127 1919 et
1171 1878 1351 1918 nomina
1391 1890 1543 1918 eorum
1588 1877 1643 1917 de
1680 1883 1795 1917 terra
1816 1887 1854 1918 25

308 1947 483 1999 penitus
505 1947 775 1988 deleverunt.
841 1948 900 1988 Et
931 1949 1010 1988 nisi
1045 1948 1166 1988 Deus
1190 1947 1406 2002 gloriosus
1429 1947 1491 1987 eis
1514 1946 1796 1997 subvenisset,

309 2024 351 2057 et
374 2016 626 2058 immisisset
650 2018 892 2058 remedium
920 2019 1039 2071 quod
1064 2018 1259 2067 immisit,
1276 2024 1319 2058 et
1343 2024 1521 2058 ventum
1540 2016 1796 2070 mitigasset,

310 2088 586 2128 destructum
611 2087 762 2129 fuisset
785 2088 959 2141 penitus
984 2086 1166 2141 regnum
1190 2086 1309 2135 illud.

23 2171 237 2210 weanhigme
371 2156 493 2197 Scias
527 2158 675 2210 itaque
707 2159 826 2211 quod
860 2158 1017 2198 divicie
1047 2164 1147 2198 sunt
1175 2170 1304 2198 eausa
1334 2157 1581 2198 duracionis
1607 2156 1728 2209 regni
1753 2163 1796 2196 et

22 2205 68 2231 me
82 2206 291 2239 Ofakmgdmn‘
310 2227 400 2267 vite
429 2227 643 2276 animalis,
666 2235 708 2268 et
735 2234 837 2268 sunt
866 2242 966 2281 pars
989 2227 1079 2268 vite
1106 2227 1254 2281 ipsius,
1278 2233 1321 2268 et
1352 2240 1440 2267 non
1467 2233 1616 2281 potest
1639 2227 1797 2267 durare
1815 2233 1856 2264 30

311 2297 458 2337 anima
501 2297 534 2336 si
579 2297 677 2337 talis
726 2312 856 2338 causa
892 2299 1154 2339 destruatur.
1238 2297 1496 2337 Cavendum
1539 2304 1605 2338 est
1648 2298 1797 2350 itaque

24 2378 118 2417 &9³2³
132 2378 233 2404 {0011512
313 2366 444 2406 nimis
466 2380 490 2407 a
512 2366 816 2420 superfluitate
838 2376 879 2407 et
903 2367 1343 2420 superhabundancia
1365 2379 1675 2419 expensarum,
1733 2366 1796 2407 Ut

23 2422 133 2446 gwmg'
315 2436 447 2489 igitur
468 2437 764 2490 temperancia
783 2446 825 2479 et
844 2437 1024 2492 largitas
1040 2437 1331 2491 acquirantur,
1355 2436 1488 2477 stulta
1511 2443 1553 2477 et
1577 2436 1798 2490 superflua

314 2507 502 2546 donacio
524 2514 590 2546 est
612 2507 804 2547 vitanda.
872 2507 930 2548 lit
953 2508 1008 2548 de
1031 2507 1285 2548 substancia
1313 2506 1530 2560 largitatis
1552 2514 1596 2547 et
1622 2507 1796 2547 virtutis
1855 2549 1862 2555 ¹

358 2621 377 2650 5
402 2589 556 2652 ἑΙιερῑεΓ
572 2589 629 2645 ixii.
651 2614 687 2646 V,

360 2711 401 2739 23
427 2701 677 2743 clamaverunt]
695 2703 923 2734 clamaverunt
946 2704 1015 2733 ΜΒ.
