<?xml version="1.0" encoding="UTF-8"?>
<!DOCTYPE html PUBLIC "-//W3C//DTD XHTML 1.0 Transitional//EN"
    "http://www.w3.org/TR/xhtml1/DTD/xhtml1-transitional.dtd">
<html xmlns="http://www.w3.org/1999/xhtml" xml:lang="en" lang="en">
 <head>
  <title>
</title>
<meta http-equiv="Content-Type" content="text/html;charset=utf-8" />
  <meta name='ocr-system' content='tesseract 3.04.00' />
  <meta name='ocr-capabilities' content='ocr_page ocr_carea ocr_par ocr_line ocrx_word'/>
</head>
<body>
  <div class='ocr_page' id='page_1' title='image "./operahactenusine05baco_0242.png"; bbox 0 0 1908 3126; ppageno 0'>
   <div class='ocr_carea' id='block_1_1' title="bbox 18 210 195 241">
    <p class='ocr_par' dir='ltr' id='par_1_1' title="bbox 18 210 195 241">
     <span class='ocr_line' id='line_1_1' title="bbox 18 210 195 241; baseline -0.023 -5"><span class='ocrx_word' id='word_1_1' title='bbox 18 210 106 236; x_wconf 80' lang='lat' dir='ltr'><strong>Great</strong></span> <span class='ocrx_word' id='word_1_2' title='bbox 120 215 195 241; x_wconf 80' lang='lat' dir='ltr'><strong>eyes.</strong></span> 
     </span>
    </p>
   </div>
   <div class='ocr_carea' id='block_1_2' title="bbox 20 274 293 734">
    <p class='ocr_par' dir='ltr' id='par_1_2' title="bbox 20 274 239 344">
     <span class='ocr_line' id='line_1_2' title="bbox 20 274 239 303; baseline -0.014 0"><span class='ocrx_word' id='word_1_3' title='bbox 20 275 151 303; x_wconf 86' lang='lat' dir='ltr'><strong>Medium</strong></span> <span class='ocrx_word' id='word_1_4' title='bbox 165 274 239 301; x_wconf 85' lang='lat' dir='ltr'><strong>sized</strong></span> 
     </span>
     <span class='ocr_line' id='line_1_3' title="bbox 24 320 100 344; baseline 0 -7"><span class='ocrx_word' id='word_1_5' title='bbox 24 320 100 344; x_wconf 77' lang='lat' dir='ltr'><strong>eyes.</strong></span> 
     </span>
    </p>

    <p class='ocr_par' dir='ltr' id='par_1_3' title="bbox 22 412 293 734">
     <span class='ocr_line' id='line_1_4' title="bbox 180 412 293 453; baseline 0 -9"><span class='ocrx_word' id='word_1_6' title='bbox 180 422 192 444; x_wconf 93' lang='lat'>1</span> <span class='ocrx_word' id='word_1_7' title='bbox 203 420 240 453; x_wconf 82' lang='lat'><strong>27</strong></span> <span class='ocrx_word' id='word_1_8' title='bbox 259 412 293 444; x_wconf 87' lang='lat' dir='ltr'><strong>b.</strong></span> 
     </span>
     <span class='ocr_line' id='line_1_5' title="bbox 22 491 224 525; baseline -0.01 -7"><span class='ocrx_word' id='word_1_9' title='bbox 22 491 135 525; x_wconf 82' lang='lat' dir='ltr'><strong>Goggle</strong></span> <span class='ocrx_word' id='word_1_10' title='bbox 149 499 224 523; x_wconf 82' lang='lat' dir='ltr'>eyes.</span> 
     </span>
     <span class='ocr_line' id='line_1_6' title="bbox 24 560 209 592; baseline -0.005 -7"><span class='ocrx_word' id='word_1_11' title='bbox 24 560 118 585; x_wconf 79' lang='lat' dir='ltr'><strong>Asses&#39;</strong></span> <span class='ocrx_word' id='word_1_12' title='bbox 134 567 209 592; x_wconf 76' lang='lat' dir='ltr'><strong>eyes.</strong></span> 
     </span>
     <span class='ocr_line' id='line_1_7' title="bbox 23 627 208 660; baseline -0.016 -5"><span class='ocrx_word' id='word_1_13' title='bbox 23 627 120 660; x_wconf 78' lang='lat' dir='ltr'><strong>Shisty</strong></span> <span class='ocrx_word' id='word_1_14' title='bbox 133 635 208 659; x_wconf 83' lang='lat' dir='ltr'>eyes.</span> 
     </span>
     <span class='ocr_line' id='line_1_8' title="bbox 25 702 179 734; baseline -0.013 -6"><span class='ocrx_word' id='word_1_15' title='bbox 25 702 90 728; x_wconf 76' lang='lat' dir='ltr'><strong>Red</strong></span> <span class='ocrx_word' id='word_1_16' title='bbox 104 710 179 734; x_wconf 84' lang='lat' dir='ltr'><strong>eyes.</strong></span> 
     </span>
    </p>
   </div>
   <div class='ocr_carea' id='block_1_3' title="bbox 25 776 276 807">
    <p class='ocr_par' dir='ltr' id='par_1_4' title="bbox 25 776 276 807">
     <span class='ocr_line' id='line_1_9' title="bbox 25 776 276 807; baseline -0.008 -5"><span class='ocrx_word' id='word_1_17' title='bbox 25 776 88 802; x_wconf 84' lang='lat' dir='ltr'><strong>The</strong></span> <span class='ocrx_word' id='word_1_18' title='bbox 102 780 185 801; x_wconf 78' lang='lat' dir='ltr'><strong>worst</strong></span> <span class='ocrx_word' id='word_1_19' title='bbox 199 783 276 807; x_wconf 84' lang='lat' dir='ltr'><strong>eyes.</strong></span> 
     </span>
    </p>
   </div>
   <div class='ocr_carea' id='block_1_4' title="bbox 31 1324 236 1353">
    <p class='ocr_par' dir='ltr' id='par_1_5' title="bbox 31 1324 236 1353">
     <span class='ocr_line' id='line_1_10' title="bbox 31 1324 236 1353; baseline -0.02 0"><span class='ocrx_word' id='word_1_20' title='bbox 31 1324 123 1353; x_wconf 61' lang='lat' dir='ltr'><strong>&#39;.I&#39;hitk</strong></span> <span class='ocrx_word' id='word_1_21' title='bbox 137 1324 236 1351; x_wconf 83' lang='lat' dir='ltr'><strong>brows.</strong></span> 
     </span>
    </p>
   </div>
   <div class='ocr_carea' id='block_1_5' title="bbox 32 1445 223 1472">
    <p class='ocr_par' dir='ltr' id='par_1_6' title="bbox 32 1445 223 1472">
     <span class='ocr_line' id='line_1_11' title="bbox 32 1445 223 1472; baseline -0.005 0"><span class='ocrx_word' id='word_1_22' title='bbox 32 1445 108 1472; x_wconf 83' lang='lat' dir='ltr'><strong>Thin</strong></span> <span class='ocrx_word' id='word_1_23' title='bbox 122 1445 223 1471; x_wconf 84' lang='lat' dir='ltr'><strong>brows.</strong></span> 
     </span>
    </p>
   </div>
   <div class='ocr_carea' id='block_1_6' title="bbox 36 1918 209 1946">
    <p class='ocr_par' dir='ltr' id='par_1_7' title="bbox 36 1918 209 1946">
     <span class='ocr_line' id='line_1_12' title="bbox 36 1918 209 1946; baseline -0.006 0"><span class='ocrx_word' id='word_1_24' title='bbox 36 1918 113 1946; x_wconf 78' lang='lat' dir='ltr'><strong>Thin</strong></span> <span class='ocrx_word' id='word_1_25' title='bbox 128 1926 209 1945; x_wconf 76' lang='lat' dir='ltr'><strong>noses</strong></span> 
     </span>
    </p>
   </div>
   <div class='ocr_carea' id='block_1_7' title="bbox 198 1990 307 2022">
    <p class='ocr_par' dir='ltr' id='par_1_8' title="bbox 198 1990 307 2022">
     <span class='ocr_line' id='line_1_13' title="bbox 198 1990 307 2022; baseline 0.018 -2"><span class='ocrx_word' id='word_1_26' title='bbox 198 1990 258 2021; x_wconf 90' lang='lat'><strong>128</strong></span> <span class='ocrx_word' id='word_1_27' title='bbox 277 2001 307 2022; x_wconf 91' lang='lat' dir='ltr'><strong>a.</strong></span> 
     </span>
    </p>
   </div>
   <div class='ocr_carea' id='block_1_8' title="bbox 40 2060 227 2091">
    <p class='ocr_par' dir='ltr' id='par_1_9' title="bbox 40 2060 227 2091">
     <span class='ocr_line' id='line_1_14' title="bbox 40 2060 227 2091; baseline 0 -5"><span class='ocrx_word' id='word_1_28' title='bbox 40 2060 123 2091; x_wconf 81' lang='lat' dir='ltr'><strong>Loug</strong></span> <span class='ocrx_word' id='word_1_29' title='bbox 138 2067 227 2086; x_wconf 72' lang='lat' dir='ltr'><strong>moses.</strong></span> 
     </span>
    </p>
   </div>
   <div class='ocr_carea' id='block_1_9' title="bbox 40 2126 174 2154">
    <p class='ocr_par' dir='ltr' id='par_1_10' title="bbox 40 2126 174 2154">
     <span class='ocr_line' id='line_1_15' title="bbox 40 2126 174 2154; baseline -0.007 0"><span class='ocrx_word' id='word_1_30' title='bbox 40 2126 174 2154; x_wconf 70' lang='lat' dir='ltr'><strong>Nosti-ils.</strong></span> 
     </span>
    </p>
   </div>
   <div class='ocr_carea' id='block_1_10' title="bbox 44 2473 271 2501">
    <p class='ocr_par' dir='ltr' id='par_1_11' title="bbox 44 2473 271 2501">
     <span class='ocr_line' id='line_1_16' title="bbox 44 2473 271 2501; baseline 0 -1"><span class='ocrx_word' id='word_1_31' title='bbox 44 2474 106 2500; x_wconf 87' lang='lat' dir='ltr'><strong>The</strong></span> <span class='ocrx_word' id='word_1_32' title='bbox 119 2473 179 2500; x_wconf 77' lang='lat' dir='ltr'><strong>best</strong></span> <span class='ocrx_word' id='word_1_33' title='bbox 193 2481 271 2501; x_wconf 82' lang='lat' dir='ltr'><strong>nose.</strong></span> 
     </span>
    </p>
   </div>
   <div class='ocr_carea' id='block_1_11' title="bbox 1015 0 1096 37">
    <p class='ocr_par' dir='ltr' id='par_1_12' title="bbox 1015 0 1096 37">
     <span class='ocr_line' id='line_1_17' title="bbox 1015 0 1096 37; baseline 0 0"><span class='ocrx_word' id='word_1_34' title='bbox 1015 0 1096 37; x_wconf 80' lang='lat'><strong>168</strong></span> 
     </span>
    </p>
   </div>
   <div class='ocr_carea' id='block_1_12' title="bbox 374 111 1590 169">
    <p class='ocr_par' dir='ltr' id='par_1_13' title="bbox 374 111 1590 169">
     <span class='ocr_line' id='line_1_18' title="bbox 374 111 1590 169; baseline -0.003 -13"><span class='ocrx_word' id='word_1_35' title='bbox 374 113 626 169; x_wconf 73' lang='lat' dir='ltr'><strong>Capitulum</strong></span> <span class='ocrx_word' id='word_1_36' title='bbox 660 124 712 162; x_wconf 79' lang='lat'><strong>.4.</strong></span> <span class='ocrx_word' id='word_1_37' title='bbox 745 111 796 154; x_wconf 84' lang='lat' dir='ltr'><strong>de</strong></span> <span class='ocrx_word' id='word_1_38' title='bbox 825 111 957 153; x_wconf 84' lang='lat' dir='ltr'><strong>oculis</strong></span> <span class='ocrx_word' id='word_1_39' title='bbox 986 111 1149 153; x_wconf 83' lang='lat' dir='ltr'><strong>celestis</strong></span> <span class='ocrx_word' id='word_1_40' title='bbox 1179 111 1331 153; x_wconf 72' lang='lat' dir='ltr'><strong>coloris</strong></span> <span class='ocrx_word' id='word_1_41' title='bbox 1360 117 1403 152; x_wconf 83' lang='lat' dir='ltr'><strong>et</strong></span> <span class='ocrx_word' id='word_1_42' title='bbox 1434 111 1590 165; x_wconf 64' lang='lat' dir='ltr'><strong>nigris.</strong></span> 
     </span>
    </p>
   </div>
   <div class='ocr_carea' id='block_1_13' title="bbox 313 196 1798 381">
    <p class='ocr_par' dir='ltr' id='par_1_14' title="bbox 313 196 1798 381">
     <span class='ocr_line' id='line_1_19' title="bbox 440 196 1781 251; baseline -0.003 -10"><span class='ocrx_word' id='word_1_43' title='bbox 440 201 499 242; x_wconf 91' lang='lat' dir='ltr'><strong>Ui</strong></span> <span class='ocrx_word' id='word_1_44' title='bbox 522 200 657 240; x_wconf 88' lang='lat' dir='ltr'><strong>habet</strong></span> <span class='ocrx_word' id='word_1_45' title='bbox 689 198 842 241; x_wconf 86' lang='lat' dir='ltr'><strong>oculos</strong></span> <span class='ocrx_word' id='word_1_46' title='bbox 866 212 1065 251; x_wconf 85' lang='lat' dir='ltr'><strong>magnOS,</strong></span> <span class='ocrx_word' id='word_1_47' title='bbox 1090 198 1264 239; x_wconf 89' lang='lat' dir='ltr'><strong>invidus</strong></span> <span class='ocrx_word' id='word_1_48' title='bbox 1296 206 1362 239; x_wconf 86' lang='lat' dir='ltr'><strong>est</strong></span> <span class='ocrx_word' id='word_1_49' title='bbox 1386 203 1429 239; x_wconf 92' lang='lat' dir='ltr'><strong>et</strong></span> <span class='ocrx_word' id='word_1_50' title='bbox 1461 196 1781 238; x_wconf 88' lang='lat' dir='ltr'><strong>inverecundus</strong></span> 
     </span>
     <span class='ocr_line' id='line_1_20' title="bbox 317 201 1797 337; baseline -0.003 -27"><span class='ocrx_word' id='word_1_51' title='bbox 317 201 428 337; x_wconf 60' lang='lat' dir='ltr'><strong><em>Q</em></strong></span> <span class='ocrx_word' id='word_1_52' title='bbox 450 270 587 324; x_wconf 81' lang='lat' dir='ltr'><strong>piger,</strong></span> <span class='ocrx_word' id='word_1_53' title='bbox 624 269 899 319; x_wconf 66' lang='lat' dir='ltr'><strong>inobediem,</strong></span> <span class='ocrx_word' id='word_1_54' title='bbox 922 267 1129 322; x_wconf 81' lang='lat' dir='ltr'><strong>precipue</strong></span> <span class='ocrx_word' id='word_1_55' title='bbox 1166 268 1201 308; x_wconf 88' lang='lat' dir='ltr'><strong>si</strong></span> <span class='ocrx_word' id='word_1_56' title='bbox 1237 268 1322 309; x_wconf 86' lang='lat' dir='ltr'><strong>sint</strong></span> <span class='ocrx_word' id='word_1_57' title='bbox 1360 267 1491 310; x_wconf 86' lang='lat' dir='ltr'>lividi.</span> <span class='ocrx_word' id='word_1_58' title='bbox 1520 313 1523 315; x_wconf 55' lang='grc'>,</span> <span class='ocrx_word' id='word_1_59' title='bbox 1548 267 1663 309; x_wconf 91' lang='lat' dir='ltr'><strong>Cum</strong></span> <span class='ocrx_word' id='word_1_60' title='bbox 1695 280 1797 307; x_wconf 90' lang='lat' dir='ltr'><strong>vero</strong></span> 
     </span>
     <span class='ocr_line' id='line_1_21' title="bbox 313 335 1798 381; baseline -0.003 -1"><span class='ocrx_word' id='word_1_61' title='bbox 313 341 429 380; x_wconf 90' lang='lat' dir='ltr'><strong>oculi</strong></span> <span class='ocrx_word' id='word_1_62' title='bbox 463 340 552 381; x_wconf 87' lang='lat' dir='ltr'><strong>sint</strong></span> <span class='ocrx_word' id='word_1_63' title='bbox 586 339 829 380; x_wconf 88' lang='lat' dir='ltr'><strong>mediocres</strong></span> <span class='ocrx_word' id='word_1_64' title='bbox 866 337 1140 379; x_wconf 83' lang='lat' dir='ltr'>declinantes</span> <span class='ocrx_word' id='word_1_65' title='bbox 1173 338 1230 378; x_wconf 88' lang='lat' dir='ltr'><strong>ad</strong></span> <span class='ocrx_word' id='word_1_66' title='bbox 1265 337 1472 378; x_wconf 83' lang='lat' dir='ltr'><strong>celestem</strong></span> <span class='ocrx_word' id='word_1_67' title='bbox 1505 337 1697 378; x_wconf 88' lang='lat' dir='ltr'><strong>colorem</strong></span> <span class='ocrx_word' id='word_1_68' title='bbox 1729 335 1798 376; x_wconf 88' lang='lat' dir='ltr'><strong>vel</strong></span> 
     </span>
    </p>
   </div>
   <div class='ocr_carea' id='block_1_14' title="bbox 316 404 1839 463">
    <p class='ocr_par' dir='ltr' id='par_1_15' title="bbox 316 404 1839 463">
     <span class='ocr_line' id='line_1_22' title="bbox 316 404 1839 463; baseline -0.003 -13"><span class='ocrx_word' id='word_1_69' title='bbox 316 409 604 463; x_wconf 81' lang='lat' dir='ltr'><strong>nigredinem,</strong></span> <span class='ocrx_word' id='word_1_70' title='bbox 631 407 916 461; x_wconf 85' lang='lat' dir='ltr'><strong>penetrabilis</strong></span> <span class='ocrx_word' id='word_1_71' title='bbox 944 404 949 462; x_wconf 82' lang='grc' dir='ltr'>Ι</span> <span class='ocrx_word' id='word_1_72' title='bbox 979 412 1046 447; x_wconf 87' lang='lat' dir='ltr'><strong>est</strong></span> <span class='ocrx_word' id='word_1_73' title='bbox 1076 407 1345 456; x_wconf 86' lang='lat' dir='ltr'><strong>intellectus,</strong></span> <span class='ocrx_word' id='word_1_74' title='bbox 1366 406 1540 454; x_wconf 89' lang='lat' dir='ltr'><strong>curialis</strong></span> <span class='ocrx_word' id='word_1_75' title='bbox 1569 404 1796 456; x_wconf 71' lang='lat' dir='ltr'><strong>etfidelis.</strong></span> <span class='ocrx_word' id='word_1_76' title='bbox 1821 419 1839 450; x_wconf 83' lang='lat'>5</span> 
     </span>
    </p>
   </div>
   <div class='ocr_carea' id='block_1_15' title="bbox 312 475 1805 880">
    <p class='ocr_par' dir='ltr' id='par_1_16' title="bbox 312 475 1805 880">
     <span class='ocr_line' id='line_1_23' title="bbox 316 475 1801 526; baseline -0.003 -6"><span class='ocrx_word' id='word_1_77' title='bbox 316 478 429 520; x_wconf 89' lang='lat' dir='ltr'><strong>Cum</strong></span> <span class='ocrx_word' id='word_1_78' title='bbox 464 493 568 520; x_wconf 89' lang='lat' dir='ltr'><strong>vero</strong></span> <span class='ocrx_word' id='word_1_79' title='bbox 601 477 738 518; x_wconf 84' lang='lat' dir='ltr'><strong>habet</strong></span> <span class='ocrx_word' id='word_1_80' title='bbox 772 476 922 518; x_wconf 88' lang='lat' dir='ltr'><strong>oculos</strong></span> <span class='ocrx_word' id='word_1_81' title='bbox 961 483 1173 517; x_wconf 83' lang='lat' dir='ltr'><strong>extensos</strong></span> <span class='ocrx_word' id='word_1_82' title='bbox 1210 490 1311 517; x_wconf 90' lang='lat' dir='ltr'><strong>cum</strong></span> <span class='ocrx_word' id='word_1_83' title='bbox 1345 476 1608 517; x_wconf 83' lang='lat' dir='ltr'><strong>extensione</strong></span> <span class='ocrx_word' id='word_1_84' title='bbox 1638 475 1801 526; x_wconf 82' lang='lat' dir='ltr'><strong>vultus,</strong></span> 
     </span>
     <span class='ocr_line' id='line_1_24' title="bbox 312 543 1802 599; baseline -0.003 -10"><span class='ocrx_word' id='word_1_85' title='bbox 312 548 414 589; x_wconf 87' lang='lat' dir='ltr'><strong>talis</strong></span> <span class='ocrx_word' id='word_1_86' title='bbox 445 554 512 590; x_wconf 86' lang='lat' dir='ltr'><strong>est</strong></span> <span class='ocrx_word' id='word_1_87' title='bbox 546 546 798 588; x_wconf 83' lang='lat' dir='ltr'><strong>maliciosus</strong></span> <span class='ocrx_word' id='word_1_88' title='bbox 830 559 1034 599; x_wconf 82' lang='lat' dir='ltr'><strong>nequam.</strong></span> <span class='ocrx_word' id='word_1_89' title='bbox 1098 546 1159 586; x_wconf 89' lang='lat' dir='ltr'><strong>Et</strong></span> <span class='ocrx_word' id='word_1_90' title='bbox 1191 546 1265 599; x_wconf 87' lang='lat' dir='ltr'><strong>qui</strong></span> <span class='ocrx_word' id='word_1_91' title='bbox 1291 546 1426 587; x_wconf 87' lang='lat' dir='ltr'><strong>habet</strong></span> <span class='ocrx_word' id='word_1_92' title='bbox 1458 545 1611 586; x_wconf 88' lang='lat' dir='ltr'><strong>oculos</strong></span> <span class='ocrx_word' id='word_1_93' title='bbox 1637 543 1802 585; x_wconf 84' lang='lat' dir='ltr'><strong>similes</strong></span> 
     </span>
     <span class='ocr_line' id='line_1_25' title="bbox 314 613 1802 670; baseline -0.004 -11"><span class='ocrx_word' id='word_1_94' title='bbox 314 618 453 659; x_wconf 90' lang='lat' dir='ltr'><strong>oculis</strong></span> <span class='ocrx_word' id='word_1_95' title='bbox 489 617 616 670; x_wconf 85' lang='lat' dir='ltr'><strong>asini,</strong></span> <span class='ocrx_word' id='word_1_96' title='bbox 649 616 859 670; x_wconf 86' lang='lat' dir='ltr'><strong>insipiens</strong></span> <span class='ocrx_word' id='word_1_97' title='bbox 893 624 973 667; x_wconf 84' lang='lat' dir='ltr'><strong>est,</strong></span> <span class='ocrx_word' id='word_1_98' title='bbox 1008 617 1116 657; x_wconf 90' lang='lat' dir='ltr'><strong>dure</strong></span> <span class='ocrx_word' id='word_1_99' title='bbox 1148 622 1316 657; x_wconf 88' lang='lat' dir='ltr'><strong>nature.</strong></span> <span class='ocrx_word' id='word_1_100' title='bbox 1382 615 1519 668; x_wconf 88' lang='lat' dir='ltr'><strong>Cujus</strong></span> <span class='ocrx_word' id='word_1_101' title='bbox 1551 629 1656 656; x_wconf 88' lang='lat' dir='ltr'><strong>vero</strong></span> <span class='ocrx_word' id='word_1_102' title='bbox 1687 613 1802 656; x_wconf 89' lang='lat' dir='ltr'><strong>oculi</strong></span> 
     </span>
     <span class='ocr_line' id='line_1_26' title="bbox 315 684 1803 738; baseline -0.003 -10"><span class='ocrx_word' id='word_1_103' title='bbox 315 693 550 729; x_wconf 88' lang='lat' dir='ltr'><strong>moventur</strong></span> <span class='ocrx_word' id='word_1_104' title='bbox 592 686 803 728; x_wconf 85' lang='lat' dir='ltr'><strong>velociter</strong></span> <span class='ocrx_word' id='word_1_105' title='bbox 838 691 882 726; x_wconf 91' lang='lat' dir='ltr'><strong>et</strong></span> <span class='ocrx_word' id='word_1_106' title='bbox 919 686 1038 726; x_wconf 85' lang='lat' dir='ltr'><strong>visus</strong></span> <span class='ocrx_word' id='word_1_107' title='bbox 1078 684 1172 738; x_wconf 88' lang='lat' dir='ltr'><strong>ejus</strong></span> <span class='ocrx_word' id='word_1_108' title='bbox 1208 692 1376 735; x_wconf 83' lang='lat' dir='ltr'><strong>acutus,</strong></span> <span class='ocrx_word' id='word_1_109' title='bbox 1411 685 1513 726; x_wconf 90' lang='lat' dir='ltr'><strong>talis</strong></span> <span class='ocrx_word' id='word_1_110' title='bbox 1555 685 1691 725; x_wconf 91' lang='lat' dir='ltr'><strong>homo</strong></span> <span class='ocrx_word' id='word_1_111' title='bbox 1738 689 1803 724; x_wconf 90' lang='lat' dir='ltr'><strong>est</strong></span> 
     </span>
     <span class='ocr_line' id='line_1_27' title="bbox 315 753 1803 809; baseline -0.003 -11"><span class='ocrx_word' id='word_1_112' title='bbox 315 756 631 807; x_wconf 83' lang='lat' dir='ltr'><strong>fraudulentus,</strong></span> <span class='ocrx_word' id='word_1_113' title='bbox 665 756 789 805; x_wconf 84' lang='lat' dir='ltr'><strong>latro,</strong></span> <span class='ocrx_word' id='word_1_114' title='bbox 826 754 1028 797; x_wconf 88' lang='lat' dir='ltr'><strong>infidelis.</strong></span> <span class='ocrx_word' id='word_1_115' title='bbox 1093 754 1142 796; x_wconf 86' lang='lat' dir='ltr'><strong>Si</strong></span> <span class='ocrx_word' id='word_1_116' title='bbox 1184 769 1290 796; x_wconf 87' lang='lat' dir='ltr'><strong>vero</strong></span> <span class='ocrx_word' id='word_1_117' title='bbox 1325 755 1438 795; x_wconf 88' lang='lat' dir='ltr'><strong>oculi</strong></span> <span class='ocrx_word' id='word_1_118' title='bbox 1474 754 1634 795; x_wconf 90' lang='lat' dir='ltr'><strong>fuerint</strong></span> <span class='ocrx_word' id='word_1_119' title='bbox 1667 753 1803 809; x_wconf 78' lang='lat' dir='ltr'><strong>rubei,</strong></span> 
     </span>
     <span class='ocr_line' id='line_1_28' title="bbox 317 824 1805 880; baseline -0.003 -13"><span class='ocrx_word' id='word_1_120' title='bbox 317 826 390 868; x_wconf 90' lang='lat' dir='ltr'><strong>ille</strong></span> <span class='ocrx_word' id='word_1_121' title='bbox 413 826 538 880; x_wconf 88' lang='lat' dir='ltr'><strong>cujus</strong></span> <span class='ocrx_word' id='word_1_122' title='bbox 559 833 662 867; x_wconf 84' lang='lat' dir='ltr'><strong>sunt</strong></span> <span class='ocrx_word' id='word_1_123' title='bbox 684 832 749 866; x_wconf 88' lang='lat' dir='ltr'><strong>est</strong></span> <span class='ocrx_word' id='word_1_124' title='bbox 776 825 1004 865; x_wconf 88' lang='lat' dir='ltr'><strong>animosus</strong></span> <span class='ocrx_word' id='word_1_125' title='bbox 1021 831 1071 879; x_wconf 87' lang='lat' dir='ltr'><strong>et</strong></span> <span class='ocrx_word' id='word_1_126' title='bbox 1094 824 1220 865; x_wconf 87' lang='lat' dir='ltr'><strong>fortis</strong></span> <span class='ocrx_word' id='word_1_127' title='bbox 1243 830 1286 865; x_wconf 88' lang='lat' dir='ltr'><strong>et</strong></span> <span class='ocrx_word' id='word_1_128' title='bbox 1311 830 1483 878; x_wconf 84' lang='lat' dir='ltr'><strong>potens.</strong></span> <span class='ocrx_word' id='word_1_129' title='bbox 1549 824 1805 865; x_wconf 87' lang='lat' dir='ltr'><strong>Deteriores</strong></span> 
     </span>
    </p>
   </div>
   <div class='ocr_carea' id='block_1_16' title="bbox 1826 766 1866 789">
    <p class='ocr_par' dir='ltr' id='par_1_17' title="bbox 1826 766 1866 789">
     <span class='ocr_line' id='line_1_29' title="bbox 1826 766 1866 789; baseline 0.025 -1"><span class='ocrx_word' id='word_1_130' title='bbox 1826 766 1866 789; x_wconf 85' lang='lat'><strong>10</strong></span> 
     </span>
    </p>
   </div>
   <div class='ocr_carea' id='block_1_17' title="bbox 317 893 1847 951">
    <p class='ocr_par' dir='ltr' id='par_1_18' title="bbox 317 893 1847 951">
     <span class='ocr_line' id='line_1_30' title="bbox 317 893 1847 951; baseline -0.003 -13"><span class='ocrx_word' id='word_1_131' title='bbox 317 911 423 938; x_wconf 87' lang='lat' dir='ltr'><strong>vero</strong></span> <span class='ocrx_word' id='word_1_132' title='bbox 446 895 562 938; x_wconf 90' lang='lat' dir='ltr'><strong>oculi</strong></span> <span class='ocrx_word' id='word_1_133' title='bbox 585 901 686 937; x_wconf 90' lang='lat' dir='ltr'><strong>sunt</strong></span> <span class='ocrx_word' id='word_1_134' title='bbox 710 894 771 935; x_wconf 89' lang='lat' dir='ltr'><strong>illi</strong></span> <span class='ocrx_word' id='word_1_135' title='bbox 794 895 870 948; x_wconf 87' lang='lat' dir='ltr'><strong>qui</strong></span> <span class='ocrx_word' id='word_1_136' title='bbox 903 894 1071 935; x_wconf 90' lang='lat' dir='ltr'><strong>habent</strong></span> <span class='ocrx_word' id='word_1_137' title='bbox 1095 893 1290 934; x_wconf 84' lang='lat' dir='ltr'><strong>maculas</strong></span> <span class='ocrx_word' id='word_1_138' title='bbox 1313 893 1437 934; x_wconf 88' lang='lat' dir='ltr'><strong>albas</strong></span> <span class='ocrx_word' id='word_1_139' title='bbox 1459 900 1536 935; x_wconf 90' lang='lat' dir='ltr'><strong>aut</strong></span> <span class='ocrx_word' id='word_1_140' title='bbox 1559 893 1705 947; x_wconf 84' lang='lat' dir='ltr'><strong>nigras</strong></span> <span class='ocrx_word' id='word_1_141' title='bbox 1728 899 1805 933; x_wconf 91' lang='lat' dir='ltr'><strong>aut</strong></span> <span class='ocrx_word' id='word_1_142' title='bbox 1838 944 1847 951; x_wconf 23' lang='grc' dir='ltr'><em>θ</em></span> 
     </span>
    </p>
   </div>
   <div class='ocr_carea' id='block_1_18' title="bbox 319 962 1804 1089">
    <p class='ocr_par' dir='ltr' id='par_1_19' title="bbox 319 962 1804 1089">
     <span class='ocr_line' id='line_1_31' title="bbox 319 962 1804 1018; baseline -0.003 -11"><span class='ocrx_word' id='word_1_143' title='bbox 319 966 478 1007; x_wconf 86' lang='lat' dir='ltr'><strong>rubeas</strong></span> <span class='ocrx_word' id='word_1_144' title='bbox 501 966 857 1018; x_wconf 83' lang='lat' dir='ltr'><strong>circumquaque,</strong></span> <span class='ocrx_word' id='word_1_145' title='bbox 880 965 981 1018; x_wconf 89' lang='lat' dir='ltr'><strong>quia</strong></span> <span class='ocrx_word' id='word_1_146' title='bbox 1005 964 1105 1005; x_wconf 86' lang='lat' dir='ltr'><strong>talis</strong></span> <span class='ocrx_word' id='word_1_147' title='bbox 1127 964 1264 1005; x_wconf 90' lang='lat' dir='ltr'><strong>homo</strong></span> <span class='ocrx_word' id='word_1_148' title='bbox 1296 964 1486 1006; x_wconf 64' lang='lat' dir='ltr'><strong>deterior</strong></span> <span class='ocrx_word' id='word_1_149' title='bbox 1508 969 1575 1005; x_wconf 88' lang='lat' dir='ltr'><strong>est</strong></span> <span class='ocrx_word' id='word_1_150' title='bbox 1597 962 1804 1004; x_wconf 85' lang='lat' dir='ltr'><strong>omni-bus</strong></span> 
     </span>
     <span class='ocr_line' id='line_1_32' title="bbox 320 1034 1159 1089; baseline -0.002 -12"><span class='ocrx_word' id='word_1_151' title='bbox 320 1036 588 1086; x_wconf 85' lang='lat' dir='ltr'><strong>hominibus,</strong></span> <span class='ocrx_word' id='word_1_152' title='bbox 612 1041 655 1076; x_wconf 91' lang='lat' dir='ltr'><strong>et</strong></span> <span class='ocrx_word' id='word_1_153' title='bbox 679 1034 820 1089; x_wconf 86' lang='lat' dir='ltr'><strong>magis</strong></span> <span class='ocrx_word' id='word_1_154' title='bbox 844 1034 1159 1088; x_wconf 88' lang='lat' dir='ltr'><strong>reprobandus.</strong></span> 
     </span>
    </p>
   </div>
   <div class='ocr_carea' id='block_1_19' title="bbox 385 1188 1062 1246">
    <p class='ocr_par' dir='ltr' id='par_1_20' title="bbox 385 1188 1062 1246">
     <span class='ocr_line' id='line_1_33' title="bbox 385 1188 1062 1246; baseline -0.003 -13"><span class='ocrx_word' id='word_1_155' title='bbox 385 1189 636 1246; x_wconf 75' lang='lat' dir='ltr'><strong>Capitulum</strong></span> <span class='ocrx_word' id='word_1_156' title='bbox 658 1220 666 1229; x_wconf 95' lang='lat'><strong>.</strong></span> <span class='ocrx_word' id='word_1_157' title='bbox 675 1197 712 1241; x_wconf 86' lang='lat'><strong>5.</strong></span> <span class='ocrx_word' id='word_1_158' title='bbox 737 1188 789 1230; x_wconf 85' lang='lat' dir='ltr'><strong>de</strong></span> <span class='ocrx_word' id='word_1_159' title='bbox 809 1188 1062 1244; x_wconf 77' lang='lat' dir='ltr'><strong>superciliis.</strong></span> 
     </span>
    </p>
   </div>
   <div class='ocr_carea' id='block_1_20' title="bbox 323 1291 1811 1627">
    <p class='ocr_par' dir='ltr' id='par_1_21' title="bbox 323 1291 1811 1627">
     <span class='ocr_line' id='line_1_34' title="bbox 412 1291 1808 1348; baseline -0.003 -12"><span class='ocrx_word' id='word_1_160' title='bbox 412 1292 691 1348; x_wconf 90' lang='lat' dir='ltr'><strong>Upercilium</strong></span> <span class='ocrx_word' id='word_1_161' title='bbox 714 1293 834 1346; x_wconf 92' lang='lat' dir='ltr'><strong>quod</strong></span> <span class='ocrx_word' id='word_1_162' title='bbox 870 1291 1006 1333; x_wconf 87' lang='lat' dir='ltr'><strong>habet</strong></span> <span class='ocrx_word' id='word_1_163' title='bbox 1034 1291 1198 1332; x_wconf 90' lang='lat' dir='ltr'><strong>multos</strong></span> <span class='ocrx_word' id='word_1_164' title='bbox 1227 1292 1340 1346; x_wconf 87' lang='lat' dir='ltr'><strong>pilos</strong></span> <span class='ocrx_word' id='word_1_165' title='bbox 1370 1291 1590 1347; x_wconf 81' lang='lat' dir='ltr'><strong>significat</strong></span> <span class='ocrx_word' id='word_1_166' title='bbox 1613 1291 1808 1346; x_wconf 89' lang='lat' dir='ltr'><strong>inepcio·</strong></span> 
     </span>
     <span class='ocr_line' id='line_1_35' title="bbox 422 1361 1806 1416; baseline -0.002 -12"><span class='ocrx_word' id='word_1_167' title='bbox 422 1377 521 1405; x_wconf 89' lang='lat' dir='ltr'><strong>nem</strong></span> <span class='ocrx_word' id='word_1_168' title='bbox 546 1362 769 1416; x_wconf 89' lang='lat' dir='ltr'><strong>loquendi.</strong></span> <span class='ocrx_word' id='word_1_169' title='bbox 852 1362 913 1402; x_wconf 90' lang='lat' dir='ltr'><strong>Et</strong></span> <span class='ocrx_word' id='word_1_170' title='bbox 948 1362 1129 1414; x_wconf 90' lang='lat' dir='ltr'><strong>quando</strong></span> <span class='ocrx_word' id='word_1_171' title='bbox 1161 1363 1466 1403; x_wconf 84' lang='lat' dir='ltr'><strong>extenduntur</strong></span> <span class='ocrx_word' id='word_1_172' title='bbox 1496 1361 1730 1416; x_wconf 88' lang='lat' dir='ltr'><strong>supercilia</strong></span> <span class='ocrx_word' id='word_1_173' title='bbox 1750 1361 1806 1401; x_wconf 86' lang='lat' dir='ltr'><strong>ad</strong></span> 
     </span>
     <span class='ocr_line' id='line_1_36' title="bbox 323 1430 1809 1487; baseline -0.002 -13"><span class='ocrx_word' id='word_1_174' title='bbox 323 1434 533 1487; x_wconf 81' lang='lat' dir='ltr'><strong>timpora,</strong></span> <span class='ocrx_word' id='word_1_175' title='bbox 555 1432 722 1473; x_wconf 88' lang='lat' dir='ltr'><strong>habens</strong></span> <span class='ocrx_word' id='word_1_176' title='bbox 744 1431 851 1473; x_wconf 86' lang='lat' dir='ltr'><strong>talia</strong></span> <span class='ocrx_word' id='word_1_177' title='bbox 872 1438 938 1472; x_wconf 89' lang='lat' dir='ltr'><strong>est</strong></span> <span class='ocrx_word' id='word_1_178' title='bbox 970 1432 1238 1473; x_wconf 88' lang='lat' dir='ltr'><strong>immundus.</strong></span> <span class='ocrx_word' id='word_1_179' title='bbox 1304 1432 1417 1473; x_wconf 89' lang='lat' dir='ltr'><strong>Cum</strong></span> <span class='ocrx_word' id='word_1_180' title='bbox 1444 1446 1549 1473; x_wconf 92' lang='lat' dir='ltr'><strong>vero</strong></span> <span class='ocrx_word' id='word_1_181' title='bbox 1577 1430 1809 1486; x_wconf 89' lang='lat' dir='ltr'><strong>supercilia</strong></span> 
     </span>
     <span class='ocr_line' id='line_1_37' title="bbox 324 1501 1809 1556; baseline -0.001 -13"><span class='ocrx_word' id='word_1_182' title='bbox 324 1516 421 1543; x_wconf 87' lang='lat' dir='ltr'><strong>rara</strong></span> <span class='ocrx_word' id='word_1_183' title='bbox 463 1508 581 1550; x_wconf 83' lang='lat' dir='ltr'><strong>sunt,</strong></span> <span class='ocrx_word' id='word_1_184' title='bbox 624 1507 982 1542; x_wconf 79' lang='lat' dir='ltr'><strong>commensurata</strong></span> <span class='ocrx_word' id='word_1_185' title='bbox 1026 1501 1068 1541; x_wconf 88' lang='lat' dir='ltr'><strong>in</strong></span> <span class='ocrx_word' id='word_1_186' title='bbox 1113 1501 1387 1556; x_wconf 82' lang='lat' dir='ltr'><strong>longitudine</strong></span> <span class='ocrx_word' id='word_1_187' title='bbox 1429 1508 1473 1543; x_wconf 89' lang='lat' dir='ltr'><strong>et</strong></span> <span class='ocrx_word' id='word_1_188' title='bbox 1509 1502 1723 1543; x_wconf 89' lang='lat' dir='ltr'><strong>brevitate</strong></span> <span class='ocrx_word' id='word_1_189' title='bbox 1765 1507 1809 1541; x_wconf 90' lang='lat' dir='ltr'><strong>et</strong></span> 
     </span>
     <span class='ocr_line' id='line_1_38' title="bbox 324 1570 1811 1627; baseline -0.001 -14"><span class='ocrx_word' id='word_1_190' title='bbox 324 1580 427 1614; x_wconf 87' lang='lat' dir='ltr'><strong>sunt</strong></span> <span class='ocrx_word' id='word_1_191' title='bbox 461 1585 638 1627; x_wconf 81' lang='lat' dir='ltr'><strong>magna,</strong></span> <span class='ocrx_word' id='word_1_192' title='bbox 674 1571 930 1625; x_wconf 84' lang='lat' dir='ltr'><strong>hujusmodi</strong></span> <span class='ocrx_word' id='word_1_193' title='bbox 961 1578 1028 1612; x_wconf 88' lang='lat' dir='ltr'><strong>est</strong></span> <span class='ocrx_word' id='word_1_194' title='bbox 1060 1571 1199 1612; x_wconf 86' lang='lat' dir='ltr'><strong>facilis</strong></span> <span class='ocrx_word' id='word_1_195' title='bbox 1231 1572 1531 1625; x_wconf 87' lang='lat' dir='ltr'><strong>impressionis</strong></span> <span class='ocrx_word' id='word_1_196' title='bbox 1561 1572 1617 1612; x_wconf 89' lang='lat' dir='ltr'><strong>ad</strong></span> <span class='ocrx_word' id='word_1_197' title='bbox 1652 1570 1811 1612; x_wconf 87' lang='lat' dir='ltr'><strong>intelli·</strong></span> 
     </span>
    </p>
   </div>
   <div class='ocr_carea' id='block_1_21' title="bbox 323 1642 536 1697">
    <p class='ocr_par' dir='ltr' id='par_1_22' title="bbox 323 1642 536 1697">
     <span class='ocr_line' id='line_1_39' title="bbox 323 1642 536 1697; baseline 0 -15"><span class='ocrx_word' id='word_1_198' title='bbox 323 1642 536 1697; x_wconf 85' lang='lat' dir='ltr'><strong>gendum.</strong></span> 
     </span>
    </p>
   </div>
   <div class='ocr_carea' id='block_1_22' title="bbox 392 1794 936 1850">
    <p class='ocr_par' dir='ltr' id='par_1_23' title="bbox 392 1794 936 1850">
     <span class='ocr_line' id='line_1_40' title="bbox 392 1794 936 1850; baseline -0.002 -12"><span class='ocrx_word' id='word_1_199' title='bbox 392 1795 643 1850; x_wconf 78' lang='lat' dir='ltr'><strong>Capitulum</strong></span> <span class='ocrx_word' id='word_1_200' title='bbox 668 1794 721 1836; x_wconf 92' lang='lat'><strong>.6.</strong></span> <span class='ocrx_word' id='word_1_201' title='bbox 746 1794 797 1836; x_wconf 85' lang='lat' dir='ltr'><strong>de</strong></span> <span class='ocrx_word' id='word_1_202' title='bbox 818 1809 936 1838; x_wconf 80' lang='lat' dir='ltr'><strong>uaso,</strong></span> 
     </span>
    </p>
   </div>
   <div class='ocr_carea' id='block_1_23' title="bbox 455 1896 1813 2028">
    <p class='ocr_par' dir='ltr' id='par_1_24' title="bbox 455 1896 1813 2028">
     <span class='ocr_line' id='line_1_41' title="bbox 455 1896 1813 1951; baseline -0.001 -12"><span class='ocrx_word' id='word_1_203' title='bbox 455 1898 573 1940; x_wconf 85' lang='lat' dir='ltr'><strong>Asus</strong></span> <span class='ocrx_word' id='word_1_204' title='bbox 604 1912 704 1940; x_wconf 92' lang='lat' dir='ltr'><strong>cum</strong></span> <span class='ocrx_word' id='word_1_205' title='bbox 739 1897 869 1940; x_wconf 86' lang='lat' dir='ltr'><strong>fuerit</strong></span> <span class='ocrx_word' id='word_1_206' title='bbox 900 1896 1084 1948; x_wconf 88' lang='lat' dir='ltr'><strong>subtilis,</strong></span> <span class='ocrx_word' id='word_1_207' title='bbox 1107 1897 1200 1951; x_wconf 88' lang='lat' dir='ltr'><strong>ejus</strong></span> <span class='ocrx_word' id='word_1_208' title='bbox 1232 1897 1441 1939; x_wconf 89' lang='lat' dir='ltr'><strong>dominus</strong></span> <span class='ocrx_word' id='word_1_209' title='bbox 1473 1904 1537 1939; x_wconf 90' lang='lat' dir='ltr'><strong>est</strong></span> <span class='ocrx_word' id='word_1_210' title='bbox 1566 1897 1697 1940; x_wconf 88' lang='lat' dir='ltr'><strong>valde</strong></span> <span class='ocrx_word' id='word_1_211' title='bbox 1729 1897 1813 1939; x_wconf 90' lang='lat' dir='ltr'><strong>ira-</strong></span> 
     </span>
     <span class='ocr_line' id='line_1_42' title="bbox 464 1966 1813 2028; baseline -0.001 -18"><span class='ocrx_word' id='word_1_212' title='bbox 464 1969 646 2010; x_wconf 88' lang='lat' dir='ltr'><strong>cundus.</strong></span> <span class='ocrx_word' id='word_1_213' title='bbox 723 1969 782 2010; x_wconf 86' lang='lat' dir='ltr'><strong>Et</strong></span> <span class='ocrx_word' id='word_1_214' title='bbox 805 1969 880 2022; x_wconf 90' lang='lat' dir='ltr'><strong>qui</strong></span> <span class='ocrx_word' id='word_1_215' title='bbox 903 1967 1037 2009; x_wconf 89' lang='lat' dir='ltr'><strong>habet</strong></span> <span class='ocrx_word' id='word_1_216' title='bbox 1060 1967 1244 2021; x_wconf 85' lang='lat' dir='ltr'><strong>longum</strong></span> <span class='ocrx_word' id='word_1_217' title='bbox 1272 1966 1277 2022; x_wconf 92' lang='grc' dir='ltr'>Ι</span> <span class='ocrx_word' id='word_1_218' title='bbox 1307 1981 1462 2009; x_wconf 85' lang='lat' dir='ltr'><strong>nasum</strong></span> <span class='ocrx_word' id='word_1_219' title='bbox 1486 1974 1530 2009; x_wconf 91' lang='lat' dir='ltr'><strong>et</strong></span> <span class='ocrx_word' id='word_1_220' title='bbox 1557 1973 1813 2028; x_wconf 87' lang='lat' dir='ltr'><strong>protensum</strong></span> 
     </span>
    </p>
   </div>
   <div class='ocr_carea' id='block_1_24' title="bbox 331 2037 1875 2099">
    <p class='ocr_par' dir='ltr' id='par_1_25' title="bbox 331 2037 1875 2099">
     <span class='ocr_line' id='line_1_43' title="bbox 331 2037 1875 2099; baseline 0.001 -21"><span class='ocrx_word' id='word_1_221' title='bbox 331 2038 387 2078; x_wconf 90' lang='lat' dir='ltr'><strong>ad</strong></span> <span class='ocrx_word' id='word_1_222' title='bbox 422 2051 483 2088; x_wconf 83' lang='lat' dir='ltr'><strong>OS,</strong></span> <span class='ocrx_word' id='word_1_223' title='bbox 507 2045 573 2079; x_wconf 88' lang='lat' dir='ltr'><strong>est</strong></span> <span class='ocrx_word' id='word_1_224' title='bbox 606 2039 773 2092; x_wconf 89' lang='lat' dir='ltr'><strong>probus</strong></span> <span class='ocrx_word' id='word_1_225' title='bbox 806 2045 849 2080; x_wconf 90' lang='lat' dir='ltr'><strong>et</strong></span> <span class='ocrx_word' id='word_1_226' title='bbox 882 2038 1045 2079; x_wconf 86' lang='lat' dir='ltr'><strong>audax.</strong></span> <span class='ocrx_word' id='word_1_227' title='bbox 1120 2037 1268 2079; x_wconf 87' lang='lat' dir='ltr'><strong>Nasus</strong></span> <span class='ocrx_word' id='word_1_228' title='bbox 1291 2044 1394 2079; x_wconf 87' lang='lat' dir='ltr'><strong>vero</strong></span> <span class='ocrx_word' id='word_1_229' title='bbox 1417 2037 1568 2099; x_wconf 81' lang='lat' dir='ltr'><strong>simus,</strong></span> <span class='ocrx_word' id='word_1_230' title='bbox 1585 2045 1652 2079; x_wconf 88' lang='lat' dir='ltr'><strong>est</strong></span> <span class='ocrx_word' id='word_1_231' title='bbox 1674 2037 1812 2092; x_wconf 87' lang='lat' dir='ltr'><strong>impe·</strong></span> <span class='ocrx_word' id='word_1_232' title='bbox 1860 2063 1875 2089; x_wconf 62' lang='grc' dir='ltr'><strong>ς</strong></span> 
     </span>
    </p>
   </div>
   <div class='ocr_carea' id='block_1_25' title="bbox 329 2106 1816 2368">
    <p class='ocr_par' dir='ltr' id='par_1_26' title="bbox 329 2106 1816 2368">
     <span class='ocr_line' id='line_1_44' title="bbox 330 2106 1813 2163; baseline 0 -16"><span class='ocrx_word' id='word_1_233' title='bbox 330 2112 500 2150; x_wconf 86' lang='lat' dir='ltr'><strong>tuosus.</strong></span> <span class='ocrx_word' id='word_1_234' title='bbox 545 2108 605 2149; x_wconf 84' lang='lat' dir='ltr'><strong>Et</strong></span> <span class='ocrx_word' id='word_1_235' title='bbox 647 2109 721 2163; x_wconf 90' lang='lat' dir='ltr'><strong>qui</strong></span> <span class='ocrx_word' id='word_1_236' title='bbox 754 2109 888 2149; x_wconf 86' lang='lat' dir='ltr'><strong>habet</strong></span> <span class='ocrx_word' id='word_1_237' title='bbox 924 2107 1140 2148; x_wconf 82' lang='lat' dir='ltr'><strong>foramina</strong></span> <span class='ocrx_word' id='word_1_238' title='bbox 1177 2108 1271 2162; x_wconf 82' lang='lat' dir='ltr'><strong>nasi</strong></span> <span class='ocrx_word' id='word_1_239' title='bbox 1305 2107 1449 2162; x_wconf 84' lang='lat' dir='ltr'><strong>gravis</strong></span> <span class='ocrx_word' id='word_1_240' title='bbox 1481 2107 1724 2161; x_wconf 88' lang='lat' dir='ltr'><strong>apercionis</strong></span> <span class='ocrx_word' id='word_1_241' title='bbox 1745 2106 1813 2149; x_wconf 88' lang='lat' dir='ltr'><strong>vel</strong></span> 
     </span>
     <span class='ocr_line' id='line_1_45' title="bbox 329 2176 1815 2231; baseline 0 -14"><span class='ocrx_word' id='word_1_242' title='bbox 329 2177 450 2228; x_wconf 88' lang='lat' dir='ltr'><strong>dure,</strong></span> <span class='ocrx_word' id='word_1_243' title='bbox 467 2177 693 2219; x_wconf 84' lang='lat' dir='ltr'><strong>irascibilis</strong></span> <span class='ocrx_word' id='word_1_244' title='bbox 717 2185 795 2220; x_wconf 89' lang='lat' dir='ltr'><strong>est.</strong></span> <span class='ocrx_word' id='word_1_245' title='bbox 860 2179 919 2218; x_wconf 82' lang='lat' dir='ltr'><strong>Et</strong></span> <span class='ocrx_word' id='word_1_246' title='bbox 941 2177 1152 2227; x_wconf 86' lang='lat' dir='ltr'><strong>similiter,</strong></span> <span class='ocrx_word' id='word_1_247' title='bbox 1176 2177 1250 2230; x_wconf 91' lang='lat' dir='ltr'><strong>qui</strong></span> <span class='ocrx_word' id='word_1_248' title='bbox 1274 2177 1407 2219; x_wconf 84' lang='lat' dir='ltr'><strong>habet</strong></span> <span class='ocrx_word' id='word_1_249' title='bbox 1428 2177 1578 2231; x_wconf 88' lang='lat' dir='ltr'><strong>ampla</strong></span> <span class='ocrx_word' id='word_1_250' title='bbox 1602 2176 1815 2218; x_wconf 86' lang='lat' dir='ltr'><strong>foramina</strong></span> 
     </span>
     <span class='ocr_line' id='line_1_46' title="bbox 332 2246 1815 2289; baseline 0.001 -2"><span class='ocrx_word' id='word_1_251' title='bbox 332 2246 566 2288; x_wconf 87' lang='lat' dir='ltr'><strong>iracundus</strong></span> <span class='ocrx_word' id='word_1_252' title='bbox 590 2254 667 2289; x_wconf 88' lang='lat' dir='ltr'><strong>est.</strong></span> <span class='ocrx_word' id='word_1_253' title='bbox 716 2248 775 2289; x_wconf 86' lang='lat' dir='ltr'><strong>Et</strong></span> <span class='ocrx_word' id='word_1_254' title='bbox 798 2261 898 2289; x_wconf 90' lang='lat' dir='ltr'><strong>cum</strong></span> <span class='ocrx_word' id='word_1_255' title='bbox 923 2247 1051 2289; x_wconf 90' lang='lat' dir='ltr'><strong>fuerit</strong></span> <span class='ocrx_word' id='word_1_256' title='bbox 1074 2260 1206 2288; x_wconf 87' lang='lat' dir='ltr'><strong>nasus</strong></span> <span class='ocrx_word' id='word_1_257' title='bbox 1230 2246 1344 2288; x_wconf 87' lang='lat' dir='ltr'><strong>latus</strong></span> <span class='ocrx_word' id='word_1_258' title='bbox 1367 2247 1409 2287; x_wconf 88' lang='lat' dir='ltr'><strong>in</strong></span> <span class='ocrx_word' id='word_1_259' title='bbox 1426 2247 1572 2288; x_wconf 90' lang='lat' dir='ltr'><strong>medio</strong></span> <span class='ocrx_word' id='word_1_260' title='bbox 1590 2246 1815 2288; x_wconf 86' lang='lat' dir='ltr'><strong>declinans</strong></span> 
     </span>
     <span class='ocr_line' id='line_1_47' title="bbox 332 2315 1816 2368; baseline 0 -12"><span class='ocrx_word' id='word_1_261' title='bbox 332 2316 389 2357; x_wconf 86' lang='lat' dir='ltr'><strong>ad</strong></span> <span class='ocrx_word' id='word_1_262' title='bbox 423 2317 679 2368; x_wconf 84' lang='lat' dir='ltr'><strong>simitatem,</strong></span> <span class='ocrx_word' id='word_1_263' title='bbox 712 2323 779 2359; x_wconf 89' lang='lat' dir='ltr'><strong>est</strong></span> <span class='ocrx_word' id='word_1_264' title='bbox 811 2318 1020 2358; x_wconf 87' lang='lat' dir='ltr'><strong>verbosus</strong></span> <span class='ocrx_word' id='word_1_265' title='bbox 1053 2317 1261 2358; x_wconf 80' lang='lat' dir='ltr'><strong>mendax,</strong></span> <span class='ocrx_word' id='word_1_266' title='bbox 1340 2316 1400 2358; x_wconf 84' lang='lat' dir='ltr'><strong>Et</strong></span> <span class='ocrx_word' id='word_1_267' title='bbox 1434 2316 1476 2357; x_wconf 88' lang='lat' dir='ltr'><strong>in</strong></span> <span class='ocrx_word' id='word_1_268' title='bbox 1509 2315 1627 2357; x_wconf 88' lang='lat' dir='ltr'><strong>nasis</strong></span> <span class='ocrx_word' id='word_1_269' title='bbox 1651 2315 1722 2357; x_wconf 94' lang='lat' dir='ltr'><strong>ille</strong></span> <span class='ocrx_word' id='word_1_270' title='bbox 1749 2323 1816 2357; x_wconf 90' lang='lat' dir='ltr'><strong>est</strong></span> 
     </span>
    </p>
   </div>
   <div class='ocr_carea' id='block_1_26' title="bbox 1830 1206 1867 1238">
    <p class='ocr_par' dir='ltr' id='par_1_27' title="bbox 1830 1206 1867 1238">
     <span class='ocr_line' id='line_1_48' title="bbox 1830 1206 1867 1238; baseline 0 0"><span class='ocrx_word' id='word_1_271' title='bbox 1830 1206 1867 1238; x_wconf 78' lang='lat'><strong>15</strong></span> 
     </span>
    </p>
   </div>
   <div class='ocr_carea' id='block_1_27' title="bbox 1833 1588 1873 1611">
    <p class='ocr_par' dir='ltr' id='par_1_28' title="bbox 1833 1588 1873 1611">
     <span class='ocr_line' id='line_1_49' title="bbox 1833 1588 1873 1611; baseline -0.025 0"><span class='ocrx_word' id='word_1_272' title='bbox 1833 1588 1873 1611; x_wconf 85' lang='lat'><strong>20</strong></span> 
     </span>
    </p>
   </div>
   <div class='ocr_carea' id='block_1_28' title="bbox 334 2385 1878 2441">
    <p class='ocr_par' dir='ltr' id='par_1_29' title="bbox 334 2385 1878 2441">
     <span class='ocr_line' id='line_1_50' title="bbox 334 2385 1878 2441; baseline 0.001 -16"><span class='ocrx_word' id='word_1_273' title='bbox 334 2386 475 2440; x_wconf 83' lang='lat' dir='ltr'><strong>magis</strong></span> <span class='ocrx_word' id='word_1_274' title='bbox 498 2387 666 2440; x_wconf 86' lang='lat' dir='ltr'><strong>equalis</strong></span> <span class='ocrx_word' id='word_1_275' title='bbox 688 2388 765 2441; x_wconf 90' lang='lat' dir='ltr'><strong>qui</strong></span> <span class='ocrx_word' id='word_1_276' title='bbox 796 2394 862 2428; x_wconf 91' lang='lat' dir='ltr'><strong>est</strong></span> <span class='ocrx_word' id='word_1_277' title='bbox 892 2387 1173 2428; x_wconf 87' lang='lat' dir='ltr'><strong>mediocriter</strong></span> <span class='ocrx_word' id='word_1_278' title='bbox 1199 2386 1369 2440; x_wconf 82' lang='lat' dir='ltr'><strong>longus,</strong></span> <span class='ocrx_word' id='word_1_279' title='bbox 1392 2393 1435 2427; x_wconf 92' lang='lat' dir='ltr'><strong>et</strong></span> <span class='ocrx_word' id='word_1_280' title='bbox 1467 2385 1601 2439; x_wconf 77' lang='lat' dir='ltr'><strong>cujus</strong></span> <span class='ocrx_word' id='word_1_281' title='bbox 1626 2385 1815 2427; x_wconf 89' lang='lat' dir='ltr'><strong>latitudo</strong></span> <span class='ocrx_word' id='word_1_282' title='bbox 1837 2411 1878 2441; x_wconf 85' lang='lat'><strong>30</strong></span> 
     </span>
    </p>
   </div>
   <div class='ocr_carea' id='block_1_29' title="bbox 333 2454 1814 2579">
    <p class='ocr_par' dir='ltr' id='par_1_30' title="bbox 333 2454 1814 2579">
     <span class='ocr_line' id='line_1_51' title="bbox 333 2454 1814 2509; baseline -0.001 -13"><span class='ocrx_word' id='word_1_283' title='bbox 333 2462 400 2497; x_wconf 90' lang='lat' dir='ltr'><strong>est</strong></span> <span class='ocrx_word' id='word_1_284' title='bbox 423 2456 654 2498; x_wconf 91' lang='lat' dir='ltr'><strong>mediocris</strong></span> <span class='ocrx_word' id='word_1_285' title='bbox 675 2457 731 2498; x_wconf 88' lang='lat' dir='ltr'><strong>ad</strong></span> <span class='ocrx_word' id='word_1_286' title='bbox 751 2457 1082 2499; x_wconf 83' lang='lat' dir='ltr'><strong>extremitatem</strong></span> <span class='ocrx_word' id='word_1_287' title='bbox 1102 2463 1145 2497; x_wconf 94' lang='lat' dir='ltr'><strong>et</strong></span> <span class='ocrx_word' id='word_1_288' title='bbox 1162 2455 1257 2509; x_wconf 89' lang='lat' dir='ltr'><strong>ejus</strong></span> <span class='ocrx_word' id='word_1_289' title='bbox 1276 2455 1489 2497; x_wconf 87' lang='lat' dir='ltr'><strong>foramina</strong></span> <span class='ocrx_word' id='word_1_290' title='bbox 1512 2468 1600 2497; x_wconf 91' lang='lat' dir='ltr'><strong>non</strong></span> <span class='ocrx_word' id='word_1_291' title='bbox 1626 2454 1814 2496; x_wconf 87' lang='lat' dir='ltr'><strong>multum</strong></span> 
     </span>
     <span class='ocr_line' id='line_1_52' title="bbox 335 2538 510 2579; baseline 0.011 -14"><span class='ocrx_word' id='word_1_292' title='bbox 335 2538 510 2579; x_wconf 84' lang='lat' dir='ltr'><strong>magna.</strong></span> 
     </span>
    </p>
   </div>
   <div class='ocr_carea' id='block_1_30' title="bbox 382 2642 1852 2684">
    <p class='ocr_par' dir='ltr' id='par_1_31' title="bbox 382 2642 1852 2684">
     <span class='ocr_line' id='line_1_53' title="bbox 382 2642 1852 2684; baseline 0 -9"><span class='ocrx_word' id='word_1_293' title='bbox 382 2650 398 2675; x_wconf 74' lang='grc' dir='ltr'><em>ι</em></span> <span class='ocrx_word' id='word_1_294' title='bbox 425 2643 579 2684; x_wconf 79' lang='lat' dir='ltr'><strong>Chapter</strong></span> <span class='ocrx_word' id='word_1_295' title='bbox 595 2644 706 2677; x_wconf 85' lang='lat' dir='ltr'><strong>cxviii.</strong></span> <span class='ocrx_word' id='word_1_296' title='bbox 730 2644 759 2675; x_wconf 93' lang='lat' dir='ltr'><em>V</em></span> <span class='ocrx_word' id='word_1_297' title='bbox 925 2654 963 2684; x_wconf 84' lang='lat'><strong>15</strong></span> <span class='ocrx_word' id='word_1_298' title='bbox 987 2644 1140 2684; x_wconf 87' lang='lat' dir='ltr'><strong>Chapter</strong></span> <span class='ocrx_word' id='word_1_299' title='bbox 1156 2643 1247 2676; x_wconf 86' lang='lat' dir='ltr'><strong>cxix.</strong></span> <span class='ocrx_word' id='word_1_300' title='bbox 1270 2643 1302 2674; x_wconf 90' lang='lat' dir='ltr'><em>V</em></span> <span class='ocrx_word' id='word_1_301' title='bbox 1455 2653 1498 2673; x_wconf 87' lang='lat'><strong>22</strong></span> <span class='ocrx_word' id='word_1_302' title='bbox 1523 2642 1675 2684; x_wconf 87' lang='lat' dir='ltr'><strong>Chapter</strong></span> <span class='ocrx_word' id='word_1_303' title='bbox 1690 2653 1767 2676; x_wconf 87' lang='lat' dir='ltr'><strong>cxx.</strong></span> <span class='ocrx_word' id='word_1_304' title='bbox 1790 2644 1823 2675; x_wconf 88' lang='lat' dir='ltr'><em>V</em></span> <span class='ocrx_word' id='word_1_305' title='bbox 1848 2646 1852 2651; x_wconf 90' lang='lat'>&#39;</span> 
     </span>
    </p>
   </div>
  </div>
 </body>
</html>
