1908 3126
23 184 98 210 nuts,
113 177 174 213 figs,
188 177 244 204 and

23 221 82 239 rue.

28 509 165 569 l11³⁸reserve
179 507 291 534 natural

50 550 106 569 eat.

30 745 184 786 Antidotes
196 750 226 772 to

31 789 156 815 p01sons.

35 1032 144 1059 Macer.

39 1249 234 1277 Mithridates.

43 1744 116 1771 This
129 1742 259 1770 antidote

45 1780 113 1818 used
129 1778 156 1805 in
172 1776 292 1804 Bacon's

45 1820 122 1839 time,

46 1949 109 1976 The
123 1949 200 1980 dose,

231 2118 271 2152 70
289 2121 317 2141 a.

51 2166 112 2193 and
126 2165 308 2199 preparation

47 2200 81 2228 of
90 2200 140 2227 the
153 2200 283 2227 antidote
297 2207 303 2231 ;

1041 52 1093 93 88

315 168 389 222 qui
428 167 622 209 comedit
665 181 799 210 nuces
844 182 945 209 cum
989 168 1156 211 ficubus
1199 176 1242 211 et
1281 171 1432 223 paucis
1466 171 1582 213 foliis
1623 179 1733 225 rute,
1770 174 1809 215 ei

318 238 476 280 eadem
502 238 575 279 die
596 251 684 278 non
707 238 887 281 nocebit
909 238 1164 281 venenum.1

381 336 631 392 Capitulum
661 348 747 378 ..20
774 337 827 378 de
851 338 1045 380 custodza
1070 339 1229 380 talorzs
1255 340 1489 392 nalztralzs,
1510 348 1552 382 et
1579 341 1632 382 de
1653 342 1816 397 duplici

317 423 337 448 c
340 422 390 448 07
393 422 417 448 7
419 414 594 461 upcwne
615 415 766 461 c07p07
770 408 819 449 zsss

329 490 437 596 O
475 503 648 530 summe
666 503 761 539 rex,
783 490 928 531 modis
951 491 1154 531 omnibus
1177 492 1356 532 studeas
1379 494 1602 535 custodire
1624 494 1814 536 calorem
1835 511 1852 543 5

447 559 694 601 naturalem
718 566 762 601 et
785 561 984 610 retinere,
1003 562 1107 614 quia
1123 562 1336 615 quamdiu
1352 563 1551 605 caliditas
1566 571 1816 619 temperata

321 635 387 670 est
419 630 463 669 in
496 630 676 671 homine
710 637 753 672 et
786 630 1041 681 humiditas,
1064 632 1184 672 calor
1219 633 1432 674 naturalis
1464 640 1741 688 temperatur
1772 641 1817 676 et

379 733 391 756 1
424 735 532 772 Nota
570 747 688 784 super
727 733 864 772 onmia
898 736 1002 773 hanc
1032 734 1275 774 medicinam
1306 737 1357 775 de
1387 737 1558 777 nucibus
1589 746 1628 777 et
1662 739 1818 778 ficubus

322 797 361 828 et
382 797 480 837 ruta,
504 789 597 839 quia
614 788 825 828 utilissima
837 797 896 828 est
914 798 952 828 et
971 789 1142 829 facilima
1156 799 1194 829 et
1211 791 1442 831 certissima.
1503 794 1626 833 Unde
1639 793 1818 833 infelices

323 852 415 883 sunt
436 857 546 895 reges
569 852 608 883 et
638 844 838 895 principes
869 852 907 883 et
938 844 1076 896 prelati
1108 855 1146 885 et
1175 845 1241 889 alii
1272 846 1339 897 qui
1371 846 1513 887 timent
1534 860 1690 888 Venena
1710 850 1820 899 quod
1841 863 1881 885 10

322 913 405 938 non
426 907 592 938 utuntur
613 901 688 938 hac
709 899 923 939 medicina.
983 902 1033 939 Et
1056 899 1305 940 medicorum
1337 902 1509 942 maxima
1539 903 1684 957 cecitas
1714 917 1821 943 com-

324 955 526 1006 probatur.
603 956 814 994 Certitudo
835 969 929 993 vero
950 954 1062 994 istius
1085 955 1285 995 medicine
1313 971 1396 996 non
1427 959 1557 997 solum
1582 972 1652 1010 per
1672 958 1822 998 Aristo—

325 1009 436 1049 tilem
459 1009 523 1048 hic
546 1010 715 1048 habetur
737 1018 795 1049 set
817 1024 886 1061 per
909 1011 1125 1049 Macrum
1116 1025 1156 1049 111
1178 1011 1279 1051 libro
1304 1014 1513 1052 herbarum
1535 1021 1572 1053 et
1592 1013 1821 1075 peritissimi

326 1064 474 1103 medici
509 1073 547 1103 et
577 1064 847 1115 probatissimi
878 1065 1045 1116 antiqui,
1068 1065 1159 1105 licet
1189 1080 1211 1104 a
1242 1068 1360 1118 longe
1381 1076 1420 1107 et
1449 1068 1490 1106 in
1517 1077 1628 1119 parte
1648 1068 1822 1108 innuunt

328 1134 419 1159 cum
443 1121 529 1158 hec.
577 1122 742 1158 Summa
772 1134 866 1159 vero
887 1121 1137 1160 certitudinis
1168 1130 1227 1160 est
1257 1136 1327 1173 per
1347 1123 1639 1174 experienciam
1670 1124 1822 1175 sapien·
1843 1135 1880 1167 15

329 1183 426 1222 tum,
453 1176 555 1214 sicut
576 1175 699 1225 aliqui
728 1175 851 1214 nostri
873 1176 1066 1226 temporis
1087 1185 1125 1215 et
1145 1176 1298 1228 antiqui
1321 1179 1506 1217 solebant
1522 1180 1678 1220 facere„
1714 1180 1821 1218 Nam

330 1230 369 1268 in
394 1229 594 1280 Hystoriis
629 1230 826 1269 Romanis
857 1239 895 1270 et
926 1231 1094 1270 aliorum
1125 1240 1335 1271 auctorum
1366 1233 1533 1284 legimus
1559 1235 1669 1285 quod
1699 1234 1824 1273 Mitri-

329 1287 442 1325 dates
473 1299 539 1324 rex
569 1285 855 1325 Ponticeorum
886 1286 1092 1348 regionum
1124 1287 1427 1337 potentissimus
1448 1297 1487 1328 et
1507 1288 1823 1340 sapientissimus

329 1348 387 1379 set
409 1348 545 1379 tamen
565 1340 875 1390 crudelissimus,
899 1343 965 1392 qui
996 1342 1235 1402 expugnavit
1261 1343 1527 1382 Romanum
1518 1344 1730 1395 imperium
1755 1358 1825 1406 per

330 1410 407 1456 .4o
439 1409 580 1443 annos,
615 1403 652 1435 et
686 1410 795 1446 reges
828 1405 904 1435 1105
937 1396 1088 1436 amicos
1121 1399 1399 1437 Romanorum
1430 1399 1580 1450 expulit
1610 1401 1661 1439 de
1693 1399 1824 1451 regnis
1845 1411 1884 1433 20

331 1450 424 1498 suis,
447 1464 542 1489 usus
574 1459 633 1489 est
662 1427 750 1489 hace,
767 1451 980 1490 medicina.
1040 1453 1143 1491 Cum
1174 1461 1334 1503 propter
1354 1453 1520 1493 nimiam
1546 1454 1823 1494 crudelitatem

331 1519 444 1544 suam
466 1506 550 1555 ejus
572 1505 641 1543 filii
664 1513 701 1544 et
723 1506 940 1545 excercitus
966 1507 1025 1545 sui
1054 1507 1145 1545 facti
1174 1516 1265 1546 sunt
1293 1510 1327 1547 ei
1350 1509 1548 1557 contrarii,
1577 1518 1615 1548 et
1636 1510 1824 1549 obsessus

331 1560 383 1599 ab
412 1560 480 1608 eis,
516 1562 668 1599 malens
702 1555 804 1599 mori
843 1575 963 1611 quam
1005 1563 1159 1602 tradere
1191 1577 1232 1602 se
1272 1563 1311 1601 in
1353 1578 1496 1604 manus
1531 1578 1684 1613 eorum,
1724 1564 1825 1604 bibit

332 1628 546 1654 venenum
608 1617 674 1654 Set
706 1616 805 1654 mori
837 1630 918 1654 non
949 1617 1079 1667 potuit
1109 1627 1271 1668 propter
1300 1619 1591 1659 comestionem
1624 1619 1826 1659 medicine

334 1670 453 1718 dicte,
476 1684 555 1720 qua
576 1671 686 1709 omni
717 1672 782 1710 die
804 1685 898 1710 usus
929 1680 987 1711 est
1009 1680 1170 1723 propter
1199 1673 1363 1712 insidias
1393 1674 1658 1714 inimicorum.
1719 1674 1825 1714 Novi
1846 1683 1884 1716 25

335 1727 463 1765 eciam
485 1725 692 1764 hominem
710 1727 760 1765 de
782 1728 975 1777 sanguine
996 1727 1176 1766 omnium
1194 1742 1331 1778 regum
1353 1729 1549 1768 nobilium
1564 1738 1602 1769 et
1618 1729 1824 1781 imperiali,

337 1780 404 1831 qui
427 1780 596 1819 habuit
588 1780 772 1820 11111111οο5
803 1784 989 1821 mortales
1020 1782 1332 1823 innumerabiles
1361 1792 1399 1823 et
1423 1784 1734 1835 potentissimos,
1758 1785 1826 1836 qui

337 1835 506 1874 consilio
546 1835 771 1886 sapientum
814 1837 1061 1876 medicorum
1102 1852 1196 1877 usus
1229 1846 1287 1877 est
1320 1840 1394 1878 hac
1427 1840 1628 1879 medicina
1662 1848 1700 1879 et
1734 1853 1827 1880 con-

337 1898 512 1929 servatus
535 1899 604 1939 051,
628 1892 719 1930 licet
740 1891 958 1942 aliquando
979 1892 1127 1944 recepit
1147 1907 1357 1933 v.enenum

370 1961 374 1963 ’
394 1947 532 1984 Macer
554 1945 670 1997 igitur
690 1960 895 1997 exponens
926 1947 1173 1987 Aristotilem
1201 1950 1320 1988 docet
1351 1951 1461 2000 quod
1489 1958 1696 1989 sumantur
1715 1949 1827 1989 omni
1846 1955 1888 1987 30

339 2000 404 2040 die
423 2002 562 2051 jejuno
580 2003 790 2041 stomacho
811 2003 890 2041 due
912 2016 1035 2052 nuces
1058 2005 1237 2054 majores,
1263 2012 1301 2043 et
1323 2005 1402 2043 due
1417 2004 1556 2053 carice,
1574 2005 1615 2045 id
1637 2013 1707 2053 est,
1729 2006 1829 2044 ficus

339 2055 454 2104 sicce,
493 2070 584 2095 cum
617 2071 693 2095 .20.
725 2057 829 2096 foliis
859 2066 956 2106 rute,
991 2066 1028 2097 et
1061 2058 1116 2097 sic
1148 2072 1355 2110 nunquam
1389 2073 1589 2099 venenum
1620 2059 1827 2112 nocebitzl

342 2112 495 2151 Contra
524 2125 750 2150 venenum:
791 2112 944 2163 Recipe
973 2114 1241 2153 avellanas-et
1270 2127 1393 2153 nuces
1427 2128 1504 2154 ana
1535 2129 1610 2154 .10.
1643 2116 1828 2155 foliorum

342 2173 428 2205 rute
450 2166 588 2205 uncias
619 2166 671 2217 iij,
696 2168 796 2205 sales
826 2167 945 2206 uncia
975 2182 1063 2215 una,
1092 2169 1238 2207 ficuum
1275 2170 1469 2208 siccarum
1500 2184 1590 2218 .20.,
1624 2178 1662 2209 et
1694 2171 1831 2209 omnia

344 2220 494 2260 fortiter
523 2229 699 2260 terantur
729 2230 767 2260 et
797 2230 936 2272 postea
965 2223 1178 2273 piscentur,
1212 2231 1250 2263 et
1280 2225 1553 2275 magdaliones
1585 2226 1638 2264 ad
1670 2226 1830 2276 pondus
1848 2227 1888 2259 35

344 2289 493 2314 nucum
536 2277 766 2324 formentur,
801 2285 839 2316 et
880 2277 946 2328 qui
980 2278 1091 2317 timet
1131 2279 1182 2317 de
1213 2292 1380 2327 veneno,
1413 2287 1506 2319 ante
1538 2281 1828 2319 comestionem

343 2332 531 2369 comedat
563 2345 687 2369 unum
724 2333 875 2380 bolum,
911 2341 949 2371 et
980 2333 1011 2371 si
1043 2334 1159 2372 detur
1185 2347 1386 2373 venenum
1416 2334 1648 2375 immediate
1681 2342 1827 2383 vomet,

343 2393 382 2425 et
418 2387 448 2424 si
480 2386 700 2425 comederit
729 2394 820 2437 post
849 2396 1053 2439 receptum
1085 2402 1284 2427 venenum
1316 2388 1494 2429 similiter
1519 2398 1666 2429 vomet.
1726 2391 1828 2429 Item

53 2449 168 2484 against
178 2449 326 2482 vomiting.
345 2448 484 2480 contra
504 2441 699 2480 vomitum
717 2457 724 2480 :
767 2443 917 2481 Panem
939 2456 1098 2482 assume
1120 2451 1157 2482 et
1179 2457 1286 2482 rosas
1317 2444 1570 2495 distempera‚
1594 2458 1685 2484 cum
1716 2452 1830 2484 aceto

344 2502 383 2534 et
419 2509 540 2534 succo
573 2504 707 2535 mente
736 2510 822 2544 ana,
857 2505 894 2536 et
926 2511 1044 2548 super
1078 2500 1330 2537 stomachum
1367 2501 1625 2550 emplastrum
1656 2513 1762 2551 pone
1791 2507 1830 2539 et
1850 2507 1908 2556 40¹

343 2552 548 2600 restringet
570 2552 777 2590 vomitum.
1907 2558 1908 2562 ’

387 2623 586 2683 gijhapter
602 2645 657 2676 liv.
680 2645 715 2676 l’.

393 2732 435 2761 29
460 2725 600 2761 Macer,
619 2723 650 2753 in
672 2730 757 2756 ruta.
779 2734 806 2756 e.
827 2725 883 2754 vii.
