1908 3126
763 116 839 145 101

123 216 337 272 Conseccio
361 217 564 259 medicine
586 230 637 271 ,3.
656 216 780 271 cujas
800 224 863 258 est
883 218 1138 271 confortare
1170 218 1320 259 omnia
1348 219 1538 260 membra

59 289 221 331 occulta
257 294 301 329 et
333 288 520 330 maxime
552 286 835 341 principalia,
880 288 1049 337 scilicet,
1095 303 1179 338 cor,
1225 288 1455 337 cerebrum,
1499 298 1542 330 ct

55 364 169 411 epar.

145 443 320 479 umatur
348 451 447 478 cum
483 436 569 478 Dei
598 436 910 478 benediccione
942 451 1027 478 una
1059 438 1202 480 rotula
1235 439 1290 479 de
1322 439 1468 493 emleg
1497 446 1539 480 et

22 513 40 546 5
146 507 338 555 dimidia,
372 514 415 548 et
448 508 504 548 de
536 506 666 561 elileg
700 506 852 548 Indico
884 507 1069 548 dimidia
1095 521 1197 561 pars
1228 510 1354 550 unius
1387 509 1538 558 rotule,

61 583 104 618 et
135 578 189 618 de
212 577 372 618 darsan
394 576 568 625 cariole‚
591 582 634 617 et
657 577 712 617 de
734 577 933 630 galanga,
955 583 998 618 et
1022 578 1077 618 de
1100 591 1210 619 nuce
1234 586 1431 620 muscata
1453 592 1540 620 una

59 647 201 689 uncia.
264 647 452 687 Teratur
484 652 628 687 totum
662 659 749 687 non
784 647 913 687 nimis
946 648 1166 689 subtiliter
1197 655 1240 690 et
1273 656 1462 702 ponatur
1495 649 1538 690 in

59 729 177 770 aqua
208 715 324 757 dulci
359 731 416 758 .x.
441 716 607 764 rotulis,
631 723 674 757 et
708 722 885 757 maneat
919 717 961 756 in
995 731 1046 758 ea
1078 731 1155 771 per
1187 732 1318 759 unam
1349 719 1466 759 diem
1498 726 1540 760 et

62 799 193 827 unam
231 792 419 827 noctem.
503 786 678 828 Deinde
719 787 994 840 decoquatur
1041 802 1140 829 cum
1187 788 1308 830 suavi
1353 789 1454 843 igne
1496 796 1540 831 et

3 865 42 890 10
58 856 248 898 suaviter
268 857 409 897 donec
434 856 657 897 minuatur
679 856 907 906 medietas,
923 857 1082 899 deinde
1105 858 1338 900 misceatur
1361 865 1404 899 et
1427 859 1540 900 cole-

58 932 130 968 tur
155 926 293 967 donec
324 926 488 967 clarum
524 925 616 976 fiat,
646 933 689 967 et
722 928 1010 980 postmodum
1044 935 1233 980 ponatur
1265 942 1364 970 cum
1398 928 1539 973 tribus

61 995 216 1037 rotulis
253 996 396 1036 mellis
432 995 730 1046 a1·tificialis;1
779 996 938 1038 deinde
980 1004 1155 1039 tantum
1203 998 1359 1039 bulliat
1402 999 1541 1039 donec

61 1065 245 1106 densum
279 1064 368 1107 fiat.
433 1066 491 1107 Et
523 1066 604 1106 hec
640 1073 706 1107 est
740 1066 959 1120 siquidem
993 1068 1126 1108 tercia
1159 1068 1386 1116 medicina,
1419 1068 1540 1122 cujus

63 1137 308 1189 proprietas
361 1141 427 1176 est
479 1135 764 1177 corroborare
815 1137 965 1176 omnia
1019 1138 1219 1179 membra
1274 1138 1445 1179 occulta
1497 1146 1542 1179 et

2 1209 42 1244 ¹5
67 1205 261 1246 maxime
285 1205 541 1258 principalia

125 1295 340 1351 Confeccio
371 1296 580 1337 medicine
610 1303 765 1349 quarte
786 1309 865 1350 qne
883 1297 1024 1351 juvat
1046 1299 1284 1351 appetitum
1306 1305 1349 1339 et
1374 1301 1554 1349 instra<

64 1373 254 1408 mentum
264 1368 457 1420 pectoris
476 1373 518 1407 et
533 1365 793 1420 pulmonem.

65 1438 323 1543 Sumatur
344 1450 443 1478 cum
468 1437 551 1477 Dei
574 1436 891 1478 benediccione
913 1437 971 1477 de
995 1451 1111 1491 aqua
1134 1438 1394 1492 palmitum³
1418 1446 1461 1480 et
1485 1441 1540 1480 de

147 1503 541 1548 rubis'ferentibus
573 1520 695 1547 mora
726 1506 940 1547 silvestria
971 1505 1082 1548 libra
1105 1508 1157 1558 .i.,
1191 1509 1247 1549 de
1278 1522 1392 1562 aqua
1425 1509 1540 1550 salsa

0 1591 44 1616 ¹20
63 1575 237 1618 colata4
268 1577 379 1617 bene
406 1577 443 1617 .i.
469 1577 591 1626 libra,
622 1573 627 1630 Ι
654 1577 710 1617 de
737 1590 853 1630 aqua
879 1577 967 1630 apii
1000 1577 1147 1618 colata
1169 1578 1316 1619 media
1339 1563 1462 1629 libra,
1486 1579 1541 1619 de

64 1659 180 1700 aqua
211 1646 379 1688 lactuce
411 1647 597 1700 agrestis
631 1647 741 1688 libra
775 1648 829 1698 .i.,
860 1647 917 1688 de
947 1660 1063 1700 aqua
1103 1648 1301 1688 radicum
1341 1648 1541 1690 bethales

60 1715 170 1757 libra
192 1716 232 1756 .i.
252 1732 259 1756 ε
287 1717 444 1759 deinde
465 1723 611 1758 totum
635 1716 868 1770 colligatur
891 1724 934 1758 et
957 1725 1252 1771 congregetur
1274 1719 1316 1759 in
1340 1732 1476 1759 unum
1499 1725 1544 1760 et

64 1793 252 1839 ponatur
273 1787 316 1827 in
340 1800 392 1827 eo
413 1787 524 1828 aceti
554 1787 643 1828 albi
670 1793 826 1841 quarta
849 1801 950 1841 pars
973 1793 981 1808 ⁶
1000 1789 1080 1829 sub
1097 1785 1120 1836 ',
1143 1794 1187 1829 et
1211 1787 1328 1830 effeti
1349 1788 1364 1811 ⁵
1386 1796 1545 1842 quarta

64 1869 164 1908 pars
202 1857 321 1897 libre.
387 1857 634 1910 Colligatur
675 1864 819 1898 totum
856 1864 899 1898 et
935 1864 1023 1899 stet
1060 1871 1139 1911 per
1176 1872 1310 1899 unum
1346 1859 1463 1900 diem
1501 1867 1546 1901 et

0 1939 43 1972 ²5
66 1938 196 1967 unam
220 1933 421 1977 noctem3
454 1927 615 1968 deinde
637 1926 817 1978 coletur,
839 1933 883 1968 et
915 1934 1134 1980 ponantur
1159 1929 1202 1968 in
1233 1942 1285 1969 eo
1309 1930 1362 1969 de
1385 1928 1514 1970 melle
1529 1928 1544 1952 ⁶

64 1996 173 2038 libre
197 1997 295 2051 .iij.;
329 1997 489 2038 deinde
520 1998 793 2051 decoquatur
824 2011 924 2037 cum
952 1998 1052 2051 igne
1080 1998 1164 2038 levi
1187 2005 1230 2039 et
1257 1999 1377 2039 tenui
1407 1999 1545 2040 donec

0 2098 1 2104 ,
65 2066 334 2120 inspissetur.
399 2066 458 2108 Et
481 2074 548 2108 est
571 2075 729 2120 quarta
753 2067 971 2109 medicina
990 2081 999 2118 3
1034 2074 1077 2108 et
1101 2068 1193 2122 ejus
1211 2075 1278 2109 est
1300 2069 1546 2122 proprietas

64 2137 183 2189 quod
214 2137 340 2191 juvat
376 2137 627 2191 appetitum
665 2144 708 2178 et
750 2138 1091 2180 instrumentum
1132 2139 1336 2191 pectoris,
1371 2146 1414 2179 et
1451 2140 1544 2192 pul-

68 2219 258 2247 monem.

22 2311 45 2334 ο
117 2299 128 2320 ¹
158 2301 209 2339 de
230 2313 312 2350 quo
333 2302 450 2339 melle
471 2299 512 2337 in
533 2299 729 2350 principio
750 2300 1039 2340 medicinarum
1061 2302 1218 2340 locutus
1239 2309 1309 2339 est.

116 2353 130 2375 ²
159 2368 238 2401 cor,
260 2355 478 2402 cerebrum,
503 2362 540 2393 et
561 2368 666 2405 epar.

119 2410 132 2430 ³
162 2411 319 2448 Palmes
341 2417 400 2449 est
420 2410 569 2460 virgula
590 2411 651 2448 vel
672 2423 804 2448 ramus
826 2409 913 2449 vitis
935 2409 992 2462 (in
1015 2411 1154 2462 marg.)

119 2465 132 2484 ⁴
161 2464 284 2509 aliter,
307 2477 482 2515 cayrsen,
506 2463 546 2502 id
567 2473 636 2512 est,
665 2465 837 2504 cudune.

118 2518 132 2538 ⁵
160 2518 272 2558 litera
292 2526 351 2557 est
371 2519 478 2566 falsa,
500 2518 592 2558 ideo
614 2527 800 2569 queratur
820 2519 860 2557 in
880 2518 966 2558 aliis
987 2519 1278 2570 exemplaribus
1302 2521 1358 2563 (in
1380 2522 1527 2571 marg).

7 2582 47 2616 35
119 2575 132 2594 ⁶
160 2573 399 2624 supradicto.

56 2703 67 2713 ἡ
106 2673 125 2700 4
140 2654 305 2702 'Chapter
321 2662 403 2693 lxix.
425 2662 461 2694 V.
602 2662 640 2692 18
665 2661 817 2702 Chapter
832 2660 901 2692 lxx.
928 2662 963 2693 V.

52 2748 55 2750 ’
95 2750 152 2780 19
175 2740 281 2781 rubis]
301 2720 400 2772 rebus
418 2719 491 2771 318.

1560 442 1622 468 The
1635 441 1712 469 third

1560 475 1698 503 medicine

1560 510 1778 543 strengthening

1559 544 1607 571 the
1621 543 1698 572 chief
1711 544 1832 573 viscera.

1563 1423 1625 1450 The
1638 1423 1733 1449 fourth

1563 1456 1702 1484 medicine

1561 1490 1778 1525 strengthening

1561 1526 1609 1552 the
1622 1525 1757 1559 appetite,

1561 1560 1655 1593 lungs,
1671 1560 1727 1586 and

1562 1594 1665 1621 breast.

1564 1649 1604 1682 79
1621 1639 1654 1671 b.
