1908 3126
774 117 852 158 107

73 224 192 278 quod
212 224 246 264 si
264 223 475 264 cucererit
498 235 552 262 ex
578 234 628 262 ea
650 221 840 274 sanguis,
862 227 905 261 et
929 220 1058 260 fuerit
1082 219 1218 272 ipsius
1241 224 1389 258 motus
1411 215 1452 256 in
1476 213 1549 254 illa
1570 231 1795 265 Signsofgwd.

73 293 369 348 disposicione
392 291 618 345 plurimus,
641 298 685 332 et
715 304 831 331 mors
863 289 977 331 illius
1007 290 1146 337 tarda,
1170 295 1272 329 tunc
1295 286 1376 328 erit
1398 284 1548 326 electa.
1569 275 1641 293 ‘¹⁶⁵⁵'

76 363 134 403 Et
157 363 191 403 si
215 362 341 403 fuerit
359 361 477 416 parvi
502 367 647 401 motus
669 367 713 401 et
736 360 863 413 pauci
887 359 1121 412 sanguinis,
1135 363 1178 398 et
1195 355 1359 397 velocis
1383 354 1549 401 mortis,

74 439 177 473 tunc
199 439 264 472 est
295 431 423 471 mala.
487 429 545 470 Et
573 430 629 470 de
650 429 784 482 signis
812 429 906 482 ejus
938 429 1095 469 iterum
1128 433 1197 468 est
1231 433 1278 467 ut
1312 425 1368 466 sit
1402 430 1549 465 motus

37 520 54 552 5
74 501 167 556 ejus
184 500 333 550 velox,
349 508 393 542 et
415 505 618 553 aspectus
641 498 734 551 ejus
755 506 959 552 aspectus
976 497 1159 539 audacie
1181 502 1226 537 et
1248 493 1548 550 presumpcio-

74 571 156 621 nis,
178 577 221 611 et
244 571 298 611 sit
321 570 511 624 egressio
534 569 637 609 fecis
660 582 717 609 ex
740 576 965 622 postremo
989 567 1128 608 caude
1150 566 1299 619 ipsius.
1350 563 1551 616 Cumque
1571 575 1828 619 Τὴςρτερωιῑοη

76 647 250 682 mortua
271 646 352 690 est,
371 639 665 680 extrahantur
687 639 849 679 viscera
867 637 959 691 ejus
983 643 1026 678 et
1050 636 1245 676 maxime
1267 633 1322 676 fel
1346 633 1494 687 ipsius,
1509 638 1552 673 et
1571 611 1706 644 ‘'fv‘pers
1728 610 1807 636 Μὴ

74 709 280 751 abluatur
311 723 409 750 cum
441 723 556 763 aqua
589 716 632 750 et
665 708 754 749 sale
786 708 1018 749 ablucione
1048 705 1394 759 exquisitissime
1426 702 1552 752 facta,

75 779 234 820 deinde
250 779 524 833 decoquatur
538 780 579 820 in
594 792 709 832 aqua
728 786 771 819 et
789 778 890 827 sale,
905 784 949 818 et
965 778 998 817 si
1017 789 1117 817 cum
1137 776 1198 816 eis
1214 773 1342 814 fuerit
1357 780 1549 822 anetum,

18 867 57 891 ιο
75 861 161 890 non
178 855 243 890 est
261 849 437 889 malum.
473 849 761 901 Decoquatur
771 861 875 902 ergo
890 858 1120 900 quousque
1135 845 1242 886 levis
1257 844 1332 884 fiat
1348 840 1552 884 colleccio

76 918 214 959 carnis
237 919 330 972 ejus
354 919 410 959 ab
433 932 529 959 osse
552 918 685 973 ipsius
704 933 711 968 ;
746 917 1053 977 mundificetur
1067 929 1178 969 ergo
1196 928 1297 955 caro
1319 914 1376 953 ab
1395 925 1492 952 osse
1509 916 1553 951 et

75 988 311 1042 proiciatur
349 989 391 1028 in
428 989 637 1030 mortario
673 995 716 1029 et
749 994 997 1029 conteratur
1029 985 1169 1035 bene;
1209 991 1253 1025 et
1291 982 1554 1037 precipiatur

35 1081 51 1103 a
75 1057 135 1098 illi
155 1058 229 1111 qui
253 1057 357 1098 facit
381 1057 488 1099 illud
505 1064 551 1099 ut
569 1059 727 1099 odoret
750 1057 1009 1105 balsamum,
1030 1055 1072 1095 id
1093 1060 1176 1103 est,
1190 1053 1335 1094 oleum
1355 1051 1556 1100 balsami,

77 1137 120 1169 et
153 1129 332 1182 inungat
365 1129 506 1181 ipsum
541 1142 672 1182 super
704 1128 879 1181 digitos.
944 1125 1056 1167 Cum
1086 1138 1191 1178 ergo
1219 1123 1324 1164 trita
1351 1128 1428 1172 est,
1454 1121 1555 1162 mis-

16 1213 53 1246 15
76 1206 227 1240 ceatur
247 1213 346 1240 cum
374 1198 563 1240 tortellis
584 1200 825 1240 secundum
849 1197 1040 1238 diversas
1063 1194 1395 1246 desc1·ipcioneS‚
1410 1197 1454 1232 et
1469 1204 1555 1232 non

76 1269 263 1323 eligatur
304 1270 546 1311 secundum
582 1269 928 1322 descripcionem
962 1264 1282 1313 Andromachi,
1315 1271 1358 1304 et
1395 1262 1556 1304 deinde
1575 1268 1802 1296 Andromachus-

77 1337 186 1379 fiant
208 1340 377 1381 trocissi
400 1353 458 1380 ex
482 1353 546 1390 ea,
560 1340 732 1390 minuti,
751 1338 944 1388 subtiles,
963 1343 1005 1377 et
1025 1333 1310 1389 desiclcentur
1332 1334 1374 1373 in
1397 1332 1553 1372 umbra
1575 1334 1616 1372 83
1634 1333 1667 1365 b.

77 1415 122 1450 et
143 1416 414 1463 reponantur
437 1409 478 1449 in
501 1408 774 1463 repositorio.
821 1407 881 1449 Et
904 1412 1081 1460 oportet
1105 1411 1153 1445 ut
1170 1417 1257 1444 non
1277 1403 1407 1444 cadat
1425 1414 1555 1455 super
1577 1410 1788 1471 qugotgesgg:

77 1492 151 1519 eos
178 1480 322 1520 radius
356 1477 470 1520 Sosis
503 1478 695 1527 omnino,
718 1491 796 1518 nec
829 1484 931 1519 ante
963 1474 1315 1517 exsiccacionem
1342 1485 1419 1512 nec
1457 1477 1557 1524 post
1575 1455 1656 1513 ligia.

20 1563 59 1585 20
78 1550 231 1603 ipsam.
299 1548 376 1590 Sol
421 1556 624 1590 naturam
667 1548 854 1590 destruit
881 1546 940 1588 'et
972 1544 1195 1599 exspoliat
1228 1557 1302 1584 eos
1334 1556 1359 1583 a
1391 1541 1555 1582 virtute

77 1619 362 1673 appropriata
404 1619 607 1660 carnibus
643 1619 906 1672 viperarum,
944 1614 1233 1657 interficiente
1269 1625 1436 1653 venena
1470 1623 1557 1664 que

77 1695 179 1730 sunt
200 1703 258 1730 ex
282 1688 497 1729 morsione
519 1695 564 1729 et
586 1688 752 1729 ebibita
767 1685 795 1729 ¹.

139 1757 386 1812 Proprietas
410 1758 501 1812 ejus
524 1757 661 1798 carnis
685 1764 750 1798 est
773 1758 892 1810 quod
918 1758 1012 1810 ipsa
1030 1755 1131 1796 facit
1155 1762 1385 1808 penetrare
1407 1764 1556 1804 super-
1576 1759 1837 1821 ξζξξᾘὲῑεὲξὲῃ

78 1826 270 1869 fluitates
292 1828 347 1868 ad
370 1835 530 1877 cutem,
546 1833 590 1868 et
608 1827 784 1882 proprie
800 1828 977 1881 quando
994 1826 1128 1867 hoino
1151 1838 1237 1864 non
1261 1830 1327 1863 est
1351 1820 1554 1862 mundifi-
1841 1815 1846 1819 ⁴

20 1911 58 1944 25
78 1903 212 1938 catus.
278 1897 466 1938 Cuidam
490 1897 606 1937 enim
631 1897 788 1938 accidit
812 1911 868 1937 ex
901 1895 1171 1938 comestione
1194 1893 1288 1947 ejus
1311 1892 1485 1933 exitura
1513 1891 1556 1931 in

79 1965 193 2007 collo
217 1980 392 2020 magna,
409 1980 542 2020 quam
558 1967 748 2021 aperuit,
764 1974 806 2007 et
830 1966 970 2008 exivit
988 1979 1088 2007 caro
1112 1964 1205 2018 ejus
1231 1969 1327 2004 tota
1350 1974 1557 2002 conversa

78 2035 121 2076 in
155 2036 391 2089 pediculos.
458 2036 517 2077 Et
551 2050 653 2077 caro
686 2036 844 2077 iterum
878 2035 981 2089 ejus,
1005 2048 1104 2075 cum
1127 2047 1207 2074 usu
1235 2032 1434 2081 habetur,
1457 2045 1556 2085 pro-

80 2104 233 2160 longat
247 2106 383 2146 vitam
402 2112 446 2146 et
460 2105 679 2147 confortat
695 2106 899 2147 virtutem
919 2112 962 2146 et
981 2103 1148 2145 confert
1169 2102 1289 2155 lepre
1312 2100 1557 2155 magnifice,

80 2182 123 2216 et
145 2188 244 2216 cum
268 2175 598 2216 administratur
620 2175 662 2216 in
685 2175 891 2229 allopicia
915 2187 1121 2229 magnum
1143 2171 1311 2213 confert
1330 2171 1556 2225 juvamen-

21 2259 63 2292 30
80 2251 187 2286 tum.
241 2244 350 2298 Ejus
375 2245 529 2286 melior
549 2258 652 2286 caro
675 2251 740 2286 est
764 2244 936 2294 femine,
955 2253 999 2286 et
1022 2243 1178 2284 melior
1200 2242 1312 2282 cutis
1334 2241 1470 2294 ipsius
1493 2245 1558 2280 est

82 2315 194 2356 cutis
224 2314 416 2357 masculi.
481 2314 742 2357 Exsiccacio
763 2316 806 2355 in
830 2328 958 2356 carne
985 2321 1051 2355 est
1075 2313 1208 2362 fortis,
1233 2318 1299 2352 set
1322 2309 1560 2352 calefaccio

83 2396 170 2425 non
188 2391 254 2426 est
272 2385 523 2434 vehemens,
539 2392 582 2426 et
605 2386 715 2426 cutis
733 2385 825 2439 ejus
849 2392 914 2426 est
929 2383 1200 2425 vehementis
1225 2380 1555 2422 exsiccacionis.

82 2454 160 2507 Jus
191 2456 405 2509 serpentis
437 2462 481 2497 et
513 2470 614 2497 caro
644 2456 737 2510 ejus
769 2456 1020 2498 confortant
1053 2455 1194 2496 visum
1228 2459 1271 2493 et
1305 2451 1444 2492 multa
1476 2450 1561 2492 alia
1581 2465 1821 2504 propera-orme

36 2558 39 2560 -
82 2525 246 2566 faciunt
269 2539 354 2578 que
377 2526 505 2567 nimis
525 2524 708 2580 longum
732 2533 845 2567 esset
868 2539 1081 2567 enarrare.
1577 2509 1664 2533 ΝΜ·

10 2627 16 2630 ,
75 2606 459 2649 Γ-ῌ-

22 2640 62 2673 35
139 2641 147 2660 ¹
180 2641 252 2688 vel,
276 2640 489 2679 bibicione.
