1908 3126
232 629 302 662 ib.

1046 80 1068 108 ¹2

368 185 600 235 Capitulum
632 184 814 234 quintum
847 185 897 222 de
928 185 1027 222 xffeiis
1057 183 1238 222 scienciis
1271 182 1466 221 similibus
1498 184 1537 220 in
1568 182 1799 220 nominibus

314 239 496 279 scienciis
528 239 700 290 magicis,
734 246 792 278 set
823 238 943 277 nichil
975 237 1014 276 in
1046 237 1274 277 intencione
1306 245 1363 275 set
1394 245 1485 275 sunt
1514 244 1645 287 partes
1675 235 1799 287 philo·
1905 262 1908 283 .

315 296 455 345 sophie
475 302 513 333 et
534 294 704 333 sciencie
725 292 1054 344 experimentalis.
1869 296 1876 305 ·

371 349 600 400 Capitulum
633 351 681 387 ..6
714 350 765 387 de
794 348 1035 408 quibusdam
1074 347 1352 386 astronomicis
1387 361 1458 397 pro
1494 346 1627 385 multis
1660 344 1799 383 intelli-

315 404 455 454 gendis
480 418 519 441 1n
548 405 624 441 hoc
649 403 761 451 libro,
786 410 823 441 et
852 402 1022 441 maxime
1044 403 1084 439 in
1106 401 1280 452 capitulo
1302 401 1442 440 ultimo
1464 402 1647 440 secunde
1664 399 1796 450 partis,
1821 411 1837 440 5

315 468 353 497 et
375 458 582 497 similiter
573 472 612 496 in
634 458 775 496 ultimo
796 458 971 507 capitulo
991 464 1030 496 et
1051 456 1274 506 penultimo
1296 457 1415 495 tercie
1436 455 1568 506 partis.

372 513 602 563 Capitulum
639 525 684 561 .7.
721 514 772 551 de
811 511 1116 563 proprietatibus
1151 513 1398 561 planetarum
1434 518 1472 549 et
1507 510 1708 561 signorum
1749 510 1800 548 de

318 567 463 618 quibus
479 567 654 617 loquitur
667 567 891 606 Aristotiles
908 567 947 605 in
965 567 1042 605 hoc
1058 566 1170 613 libro,
1191 573 1229 604 et
1249 567 1300 604 de
1317 579 1383 604 sex
1402 564 1532 604 modis
1548 563 1800 603 alteracionis

317 636 445 661 rerum
467 621 695 661 inferiorum
718 623 758 660 in
781 623 855 661 hoc
879 623 1031 660 mundo
1052 629 1132 659 tarn
1154 622 1416 659 animatarum
1445 619 1449 673 Ι
1476 633 1596 670 quam
1611 618 1801 657 inanima-

315 686 441 716 tarum
464 690 533 727 per
553 676 737 715 virtutem
759 678 1008 727 planetarum
1031 683 1069 715 et
1090 683 1149 714 est
1170 675 1387 726 capitulum
1411 676 1609 713 ultimum.
1825 688 1871 713 105
1898 670 1908 710 ,¹

452 757 604 806 Ropter
643 758 768 794 multa
807 755 846 793 in
887 757 964 793 hoc
1008 754 1109 793 libro
1157 761 1347 793 contenta
1387 754 1472 805 (qui
1511 754 1610 793 liber
1658 753 1802 793 dicitur

449 824 652 861 Secretum
694 823 942 860 Secretorum
986 820 1199 859 Aristotilis
1239 821 1320 859 sive
1360 819 1459 859 liber
1497 821 1548 859 de
1589 819 1801 870 Regimine

451 887 679 938 Principum
698 888 852 938 Regu-m
868 895 906 926 et
926 887 1225 936 Dominorum),
1249 886 1587 925 considerandum
1609 894 1668 925 est
1689 886 1799 936 quod

316 955 524 992 translator
563 955 680 1003 hujus
710 953 798 991 libri
829 951 1140 991 conveniencius
1172 952 1301 1002 potuit
1331 951 1577 991 transtulisse
1609 953 1732 990 multa
1761 960 1800 990 et
1839 1003 1848 1010 ‚

315 1033 507 1070 apercius.
1721 1048 1724 1051 Δ
1823 1037 1859 1070 15

373 1087 476 1124 Nam
499 1084 692 1123 ‘Mancia'
708 1098 790 1124 non
803 1092 862 1123 est
876 1085 1040 1123 verbum
1056 1083 1393 1134 philosophicum,
1410 1097 1484 1123 nec
1502 1084 1765 1123 ‘Geomancia
1778 1083 1797 1131 ³,

315 1164 391 1189 nec
429 1154 437 1170 ‘
462 1149 741 1197 Celimancia',
777 1163 850 1189 nec
889 1149 1177 1196 ‘Incantacio'‚
1214 1163 1288 1188 nec
1324 1149 1520 1190 ‘Carmen
1534 1148 1554 1198 '‚
1589 1163 1663 1188 nec
1695 1149 1799 1188 bene

315 1224 459 1254 sonant
487 1217 561 1254 hec
592 1223 630 1254 et
655 1215 887 1265 hujusmodi
915 1216 1138 1254 secundum
1167 1214 1367 1254 racionem
1395 1215 1499 1254 fidei.
1560 1217 1642 1254 Res
1664 1223 1799 1254 tamen

313 1281 592 1332 philosophice
627 1294 725 1332 quas
760 1280 984 1319 Aristotiles
1019 1280 1211 1319 intellexit
1246 1281 1395 1320 habent
1432 1281 1635 1320 veritatem
1671 1281 1799 1336 philo-

313 1348 463 1398 sophie,
488 1349 596 1386 unde
617 1348 870 1386 translatores
891 1346 1106 1386 Aristotilis
1128 1346 1351 1386 nescientes
1368 1348 1542 1397 perfecte
1557 1354 1796 1398 potestatem
1820 1367 1860 1390 20
1897 1379 1899 1382 .

311 1413 582 1461 scienciarum,
600 1426 674 1452 nec
689 1413 858 1452 scientes
873 1412 1112 1452 sufficienter
1126 1413 1299 1464 linguam
1316 1413 1500 1460 Grecam,
1516 1427 1591 1452 nec
1603 1414 1799 1453 vocabula

314 1479 454 1518 Latina
485 1478 745 1518 scienciarum
776 1478 945 1530 propria,
978 1480 1147 1517 multum
1178 1480 1421 1527 defecerunt,
1455 1480 1728 1519 transferendo
1758 1479 1797 1518 in

312 1546 450 1591 multo,
482 1545 607 1584 eciam
641 1544 764 1595 magis
795 1546 1027 1584 defecerunt
1058 1544 1125 1595 qui
1156 1544 1399 1596 sapienciam
1428 1545 1641 1584 Aristotilis
1669 1545 1798 1596 primo
1845 1535 1855 1560 ²·

313 1611 500 1649 translata
530 1611 581 1649 de
602 1610 733 1650 Greco
763 1610 803 1648 in
830 1609 1057 1658 Arabicum,
1090 1618 1230 1660 postea
1258 1610 1298 1648 in
1327 1610 1514 1649 Latinum
1543 1624 1589 1650 ex
1610 1611 1796 1660 Arabico,
1894 1662 1895 1665 Ἰ

312 1677 607 1723 transtulerunt,
624 1676 725 1715 sicut
743 1676 816 1714 iste
833 1678 1042 1715 translator
1056 1683 1094 1715 et
1111 1678 1241 1727 plures
1258 1676 1322 1715 alii
1337 1678 1580 1716 defecerunt.
1633 1679 1798 1728 Propter
1819 1695 1858 1728 ²5
1888 1712 1890 1718 ,

312 1743 422 1791 quod
437 1741 570 1792 aliqua
587 1743 636 1781 de
654 1744 730 1781 hoc
747 1741 848 1781 libro
870 1743 962 1780 volo
983 1741 1225 1792 quibusdam
1247 1742 1570 1793 exposicionibus
1591 1742 1795 1782 illustrare.

368 1807 578 1846 ‘'Mancia''
613 1822 705 1846 vero
737 1808 865 1847 Grece
901 1816 960 1846 est
1000 1808 1243 1847 ‘divinacio'
1282 1807 1432 1856 Latine,
1467 1821 1546 1859 qua
1578 1808 1720 1860 magici
1750 1822 1796 1847 ac

314 1873 553 1912 matematici
585 1882 750 1912 utuntur
780 1875 1002 1912 secundum
1034 1875 1144 1924 quod
1174 1875 1248 1913 hec
1280 1875 1444 1913 nomina
1475 1873 1727 1914 matematica
1759 1883 1797 1914 et

313 1940 589 1978 matematicus
616 1939 844 1978 derivantur
870 1953 892 1978 a
917 1939 1101 1978 ‘matesi'
1128 1939 1260 1979 media
1287 1948 1459 1990 compta,
1483 1952 1563 1990 que
1592 1939 1798 1979 ‘matesis'

310 2013 370 2043 est
394 2008 402 2024 ‘
416 2004 590 2056 magica’
613 2006 810 2056 inponens
831 2007 1109 2044 necessitatem
1132 2006 1249 2045 rebus
1271 2005 1596 2057 contingentibus
1613 2013 1651 2045 et
1670 2005 1797 2046 libero
1817 2004 1855 2056 30⁷

309 2069 483 2109 arbitrio.
542 2072 694 2111 Contra
710 2085 829 2121 quam
848 2080 886 2110 et
907 2078 1046 2110 contra
1063 2072 1338 2110 matematicos
1358 2071 1409 2110 ab
1430 2085 1476 2110 ea
1497 2071 1626 2111 dictos
1643 2070 1797 2122 egregie

312 2135 418 2175 beati
440 2136 686 2187 Augustinus
714 2145 752 2175 et
778 2136 994 2188 Gregorius
1019 2136 1059 2175 in
1085 2138 1244 2176 Omelz'is
1269 2139 1314 2175 de
1333 2138 1567 2188 Epiphania
1591 2136 1796 2188 disputant

312 2208 350 2239 et
380 2201 486 2248 alibi,
516 2215 675 2240 necnon
706 2202 934 2253 philosophi
963 2216 1103 2248 omnes
1131 2202 1181 2241 d'e
1212 2202 1404 2253 dignitate
1433 2202 1687 2254 philosophie
1713 2216 1796 2254 pre-

314 2266 396 2314 diti,
426 2276 467 2305 ut
497 2267 728 2314 Aristotiles‚
760 2268 977 2316 Avieenna,
1010 2269 1253 2316 Ptolomeus,
1283 2277 1320 2307 et
1348 2282 1489 2308 omnes
1515 2268 1578 2307 alii
1608 2268 1796 2308 veraciter

313 2331 652 2383 philosophantes,
1815 2330 1855 2389 35⁷

368 2399 435 2436 Set
456 2405 591 2437 tamen
612 2399 666 2437 hii
684 2400 762 2439 veri
782 2400 1025 2450 judicatores
1042 2401 1229 2439 dicuntur
1246 2400 1515 2439 mathematici
1536 2414 1560 2439 a
1583 2404 1591 2420 ‘
1605 2401 1795 2441 mathesi'

315 2463 445 2501 media
483 2465 678 2514 producta
717 2478 796 2515 que
835 2465 954 2504 etiam
995 2479 1064 2516 per
1101 2465 1389 2516 aspiracionem
1430 2465 1626 2506 scribit‘ur.
1704 2468 1795 2506 Hec

315 2532 323 2546 ⁴
339 2529 549 2567 mathesis’
570 2537 628 2568 est
653 2530 857 2570 ‘doctrina
871 2531 880 2547 '
904 2531 1055 2579 Latine,
1078 2532 1139 2570 vel
1160 2531 1380 2582 disciplina,
1405 2531 1506 2570 sicut
1527 2531 1794 2572 Cassiodorus

1885 2383 1895 2417 ἶ

269 2587 274 2590 ’
313 2593 432 2632 docet
453 2593 493 2631 in
513 2595 615 2633 libro
635 2597 679 2633 de
699 2597 876 2635 Scienciis
898 2598 1152 2637 Secularz'bus.

357 2676 399 2705 32
417 2668 667 2709 Augustinus]
685 2669 727 2699 de
752 2669 898 2701 diversis
921 2670 1168 2711 questionibus,
1186 2671 1252 2704 xlv.
1309 2681 1350 2711 34
1371 2669 1585 2712 Ptolomeus]
1601 2670 1793 2711 tpolomeus
1815 2701 1822 2708 ,
1877 2570 1894 2688 l

316 2717 388 2749 MS.
470 2729 513 2758 39
530 2718 660 2760 Migne,
681 2731 843 2760 71.1151.
1889 2704 1894 2749 l

1881 2771 1894 2798 J

1878 2828 1891 3126 l
