1908 3126
1027 85 1110 123 144

25 173 74 224 E
380 188 630 244 Capitulum
646 200 727 238 .14.
743 187 860 241 qnod
869 202 956 229 non
969 193 1033 229 est
1047 186 1352 242 confidendum
1371 188 1417 229 in
1434 186 1605 228 homine
1622 185 1808 228 alterius

314 258 434 313 legis,
458 259 531 300 vel
545 258 598 300 de
617 257 885 313 confidencia
911 258 956 298 2'72
988 257 1162 299 homine
1193 273 1276 300 non
1308 256 1624 316 habetzdaycz'sz'
1652 257 1715 298 sit
1739 263 1810 298 tue

314 331 423 384 legis
444 336 487 371 et
502 329 801 383 professionis.

1867 326 1880 356 e

26 433 290 494 fflssffiffg'vssssftin
437 427 476 468 T
508 441 736 482 nunquam
774 440 924 481 speres
960 428 1002 467 in
1039 427 1221 468 homine
1254 427 1328 482 qui
1367 424 1454 469 n'on
1494 427 1632 468 credit
1667 425 1808 481 legem
1864 383 1885 485 ξ

209 488 229 494 ‚.
436 504 573 539 tuam.
639 497 699 538 Et
731 511 838 538 cave
871 510 924 538 ne
956 497 1130 539 accidat
1163 497 1244 538 tibi
1282 498 1404 552 quod
1441 497 1602 538 accidit
1635 496 1809 538 duobus
1829 477 1884 539 53

315 568 573 610 hominibus
586 567 659 622 qui
678 567 882 609 dicuntur
900 567 1104 608 associati
1123 566 1253 609 fuisse
1270 568 1313 609 in
1328 581 1415 609 uno
1434 567 1601 618 itinere,
1619 579 1807 621 quorum
1867 532 1884 601 ll

26 656 160 682 Thetale
174 656 263 682 osthe
316 653 427 680 unus
459 646 553 680 erat
586 638 749 692 Magus
776 637 1014 689 orientalis,
1045 637 1233 692 reliquus
1264 652 1370 680 vero
1399 638 1583 691 Judeus.
1647 636 1809 690 Magus
1870 632 1883 667 sl

27 690 251 759 Jssssffeandthe
315 709 530 762 equitavit
567 708 734 749 mulam
777 721 911 762 quam
954 708 1137 749 nutrivit
1179 709 1236 750 ad
1283 707 1498 762 placitum
1541 720 1686 759 suum,
1723 719 1810 760 que

26 795 90 834 who
105 800 211 820 meton
316 779 527 834 portabat
564 778 766 820 universa
803 778 1051 820 necessaria
1088 792 1166 819 sua
1202 778 1358 832 quibus
1395 777 1624 832 indigebat
1655 776 1810 818 viator.
1872 791 1883 799 ’-

26 837 248 905 ἩΟἮΠΕΥᾈἊ
267 849 485 902 2‚Jt1deus
511 863 616 890 vero
648 843 883 890 incedebat
916 849 1053 903 pedes
1085 862 1173 889 non
1205 849 1372 906 habens
1400 846 1405 904 Ι
1435 847 1580 890 cibum
1613 860 1695 888 nec
1726 846 1811 888 alia
1834 846 1873 882 ι’

27 920 578 974 TheMageas1;edneCeSSaria.
644 920 764 960 Dum
798 933 903 973 ergo
936 918 1325 960 confabularentur
1361 918 1609 960 adinvicem
1649 917 1693 958 in
1725 917 1809 958 via.
1833 947 1883 981 ‚4¹

27 970 252 1031 iffiffemsh's
318 990 434 1031 dixit
459 989 622 1045 Magus
644 990 815 1044 Judeo:
851 989 952 1044 Que
974 996 1042 1031 est
1074 989 1149 1030 lex
1176 996 1263 1041 tua,
1285 997 1329 1031 et
1351 1004 1439 1044 que
1468 995 1534 1031 est
1564 975 1676 1030 fides
1701 992 1808 1029 tua?
1869 1005 1881 1031 ς

27 1074 90 1100 The
104 1073 241 1107 Jewsaid
319 1061 572 1115 Respondit
590 1061 760 1114 Judeus
781 1077 788 1101 ε
826 1059 971 1101 Credo
994 1061 1116 1114 quod
1134 1061 1176 1101 in
1195 1060 1290 1102 celo
1309 1074 1418 1101 unus
1441 1068 1508 1102 est
1527 1060 1652 1101 Deus
1675 1072 1808 1113 quem

28 1109 254 1174 ἓῗιένὲῗὲᾞῖῧά
317 1132 467 1182 adoro,
499 1137 543 1172 et
576 1137 768 1185 expecto
800 1131 858 1172 ab
888 1144 941 1172 eo
976 1131 1142 1171 bonum
1176 1131 1321 1172 anime
1355 1144 1452 1172 mee
1485 1137 1529 1173 et
1562 1143 1810 1171 remunera—

27 1177 268 1244 Jffisgsoodtoan
320 1202 507 1252 cionem,
541 1208 584 1243 et
624 1201 704 1243 illis
742 1201 815 1256 qui
849 1201 1115 1243 conveniunt
1151 1215 1324 1243 mecum
1360 1202 1403 1243 in
1438 1201 1538 1256 lege
1574 1215 1686 1243 mea.
1750 1199 1811 1241 Et
1834 1210 1871 1244 15

323 1272 432 1314 fides
456 1286 554 1313 mea
576 1277 620 1313 et
653 1271 890 1314 credulitas
917 1285 1015 1313 mea
1045 1279 1111 1313 est
1145 1273 1265 1326 quod
1292 1272 1365 1326 qui
1390 1272 1614 1326 discrepat
1638 1285 1809 1314 mecum
1865 1304 1879 1322 ζ

30 1355 86 1394 m3<1
101 1355 169 1388 kept
183 1355 254 1381 saith
321 1344 361 1384 in
386 1342 473 1384 fide
497 1356 595 1384 mea
618 1348 662 1384 et
694 1342 793 1396 lege
816 1356 913 1384 mea
944 1341 1111 1384 licitum
1137 1349 1204 1384 est
1235 1343 1342 1383 mihi
1370 1342 1520 1384 tollere
1550 1342 1810 1397 sanguinem

30 1390 246 1450 ἓνεῖἷῖιοῗῗιῗειῑιῗῗγ
319 1412 479 1462 suum,1
515 1412 745 1467 pecuniam
778 1426 904 1453 suam
940 1420 983 1454 et
1015 1413 1220 1455 accidens
1253 1426 1396 1462 suum,
1426 1414 1468 1454 id
1499 1419 1578 1464 est,
1610 1425 1812 1460 uxorem,

320 1490 527 1538 parentes
571 1490 615 1524 et
657 1483 893 1536 genitores.
956 1482 1145 1538 Insuper
1192 1483 1478 1524 maledictum
1521 1489 1589 1525 est
1631 1483 1737 1524 mihi
1776 1482 1810 1523 si

319 1568 444 1596 servo
488 1555 527 1596 ei
559 1553 694 1595 fidem
730 1554 799 1594 vel
833 1555 941 1608 juvo
980 1555 1122 1607 ipsum
1160 1555 1201 1594 in
1237 1554 1386 1608 aliquo
1419 1553 1486 1595 vel
1519 1553 1631 1595 facio
1662 1566 1809 1595 secum
1834 1565 1873 1590 20

314 1624 540 1679 justiciam
582 1623 650 1664 vel
692 1637 827 1678 parco
862 1625 914 1666 ei.
981 1623 1330 1677 Consequenter,
1364 1624 1507 1678 inquit
1547 1624 1696 1678 Mago,
1733 1623 1811 1664 de-

320 1695 560 1736 monstravi
595 1694 637 1735 in
672 1694 779 1748 quid
807 1695 885 1735 tibi
915 1694 1059 1748 legem
1089 1708 1234 1736 meam
1259 1702 1303 1736 et
1333 1693 1468 1736 fidem
1495 1708 1653 1745 meam,
1675 1693 1811 1743 redde

320 1779 427 1819 ergo
451 1779 523 1806 me
547 1771 715 1807 certum
739 1764 795 1806 de
818 1764 914 1820 lege
938 1772 982 1806 et
1005 1765 1093 1806 fide
1115 1772 1202 1808 tua.

31 1842 305 1904 ykhgohffigrffnsaednzo
383 1834 465 1877 Cui
511 1835 739 1889 respondit
785 1835 974 1890 Magus:
1021 1836 1154 1877 Fides
1188 1843 1231 1878 et
1264 1835 1500 1878 credulitas
1532 1842 1575 1877 et
1607 1834 1679 1877 lex
1713 1848 1811 1876 mea

32 1918 160 1938 creature
173 1906 404 1947 osGod;hee
436 1912 550 1948 sunt.
614 1905 834 1959 Inprimis,
855 1905 959 1947 volo
992 1905 1099 1946 mihi
1128 1906 1210 1961 ipsi
1241 1906 1407 1947 bonum
1434 1912 1477 1946 et
1508 1904 1607 1947 filiis
1639 1905 1811 1959 generis
1834 1921 1872 1955 2⁵

322 1978 422 2026 mei,
450 1983 495 2018 et
525 1976 624 2018 nolo
653 1976 778 2017 alicui
806 1983 1005 2018 creature
1029 1976 1113 2018 Dei
1145 1976 1325 2029 malum,
1353 1989 1496 2030 neque
1524 1976 1812 2030 sequentibus

319 2045 462 2099 legem
495 2059 640 2087 meam
664 2059 808 2100 neque
831 2046 1218 2101 discrepitantibus
1242 2059 1414 2087 mecum
1442 2046 1488 2104 in
1519 2046 1686 2087 eadem.
1751 2045 1812 2087 Et

321 2116 455 2157 credo
470 2117 716 2169 equitatem
734 2124 776 2158 et
795 2117 1141 2159 misericordiam
1160 2118 1419 2164 ,servandam
1439 2115 1620 2158 cuilibet
1636 2116 1812 2159 viventi,

31 2197 121 2236 isan>-
135 2197 224 2236 liyipg
239 2206 303 2224 man
322 2192 367 2227 et
384 2185 498 2226 nulla
516 2186 674 2241 injuria
692 2186 837 2240 placet
858 2187 975 2228 mihi.
1028 2186 1220 2228 Videtur
1242 2187 1380 2228 eciam
1409 2187 1516 2228 mihi
1534 2186 1569 2227 si
1587 2186 1692 2241 quid
1712 2185 1811 2227 mali

31 2233 262 2299 ἒῖ-ῗιιιῖἑίἷῖεῗῃῃ
323 2256 496 2298 accidat
519 2256 645 2297 alicui
668 2257 929 2308 vivencium,
952 2258 1071 2311 quod
1097 2256 1204 2298 illud
1230 2256 1395 2297 malum
1424 2270 1495 2297 me
1517 2257 1747 2311 contingat
1769 2263 1812 2298 et
1833 2269 1875 2302 30

192 2345 254 2377 109
270 2337 302 2369 b.
324 2339 394 2367 me
417 2326 666 2368 conturbet.
730 2326 910 2368 Affecto
932 2327 1070 2369 eciam
1099 2325 1104 2380 Ι
1134 2327 1475 2381 prosperitatem
1499 2333 1543 2368 et
1572 2326 1810 2368 sanitatem

323 2403 365 2438 et
388 2396 734 2438 incolumitatem
758 2403 802 2438 et
825 2397 1079 2439 felicitatem
1103 2398 1303 2439 accidere
1331 2396 1537 2438 omnibus
1559 2396 1812 2438 hominibus
1861 2411 1863 2413 ·

321 2466 635 2508 universaliter.

377 2599 387 2618 ¹
418 2597 458 2637 id
479 2605 550 2645 est,
573 2598 694 2637 vitam
717 2612 841 2638 suam.

371 2740 381 2759 1
411 2731 563 2770 Chapter
578 2731 643 2763 civ.
666 2730 703 2761 V.
