1908 3126
1027 21 1110 64 170

35 144 260 172 Asweetvoice.
325 128 438 170 male
471 111 643 170 nature..
702 127 761 168 Et
794 127 869 180 qui
902 126 1037 167 habet
1069 125 1243 167 dulcem
1276 139 1431 168 vocem
1465 125 1639 167 invidus
1670 131 1735 166 est
1763 129 1807 165 et

194 215 256 249 129
273 217 302 239 a.
324 198 604 252 suspiciosus.
668 196 927 238 Pulcritudo
958 197 1098 237 eciam
1132 196 1252 237 vocis
1281 194 1286 252 Ι
1315 196 1481 238 indicat
1513 194 1806 237 stoliditate-m

325 274 369 310 et
392 267 697 323 insipienciam
720 272 764 308 et
789 265 1220 320 magnanimitatem.
1538 325 1540 327 ‚
1881 258 1899 331 ι]

38 348 128 374 Much
141 353 265 380 gesture.
384 338 472 392 Qui
494 351 599 378 vero
632 341 836 377 movetur
865 334 1118 388 frequenter
1145 342 1189 376 et
1218 335 1415 389 loquitur
1447 348 1655 379 manuum
1683 340 1807 374 motu
1887 332 1899 389 ’Ἰ

36 418 123 445 Litue
133 425 257 451 gesture.
326 414 392 448 est
417 406 600 457 invidus,
621 405 832 458 eloquens
853 412 896 445 et
918 405 1140 458 deceptor.
1217 404 1306 458 Qui
1322 419 1425 445 vero
1449 411 1516 445 θεῖ
1538 399 1762 444 abstinens
1783 417 1808 443 a
1828 417 1847 450 5
1890 402 1899 426 ·'

326 483 451 518 motu
475 488 694 524 manuum
723 481 790 516 est
820 474 1041 529 perfectus
1066 473 1335 526 intellectus,
1365 475 1479 516 bene
1500 467 1742 527 dispositus
1764 479 1810 515 θῖ

296 590 301 593 ,
325 547 420 587 sani
442 544 628 587 consilii.
811 537 814 540 ’

378 653 634 717 ὲζαρἰῑιῖειηι
656 665 692 695 ‚1
705 666 739 695 Ι.
762 653 814 695 de
834 654 949 700 collo.

38 740 143 774 Along
159 740 240 767 neck·
454 736 513 777 Ui
535 749 638 777 vero
661 735 797 777 habet
819 736 981 778 collum
1011 737 1174 791 gracile
1197 744 1240 779 et
1267 737 1448 791 longum
1472 742 1537 778 est
1559 749 1744 778 sonorus
1767 735 1810 776 in

37 811 62 836 A
75 810 152 837 short
167 809 248 836 neck.
333 736 443 872 O
466 819 575 846 voce
593 811 636 846 et
658 806 858 847 stolidus.
921 805 1007 860 Qui
1029 821 1132 848 vero
1163 807 1298 848 habet
1330 807 1493 856 collum
1525 806 1657 848 breve
1683 805 1813 847 valde
1833 822 1893 865 ¹02
1906 794 1908 808 ⁵

327 882 394 916 est
435 875 633 926 callidus,
675 875 975 927 defraudator,
1001 883 1201 929 astutus,
1240 884 1286 918 et
1328 877 1520 918 dolosus.
1583 876 1671 930 Qui
1708 889 1814 917 vero

327 945 465 988 habet
488 945 649 987 collum
673 959 877 999 grossum
902 953 969 988 est
992 946 1180 989 stolidus
1203 954 1247 989 et
1269 954 1489 990 comestor
1512 959 1709 1001 magnuS.

394 1055 645 1110 &paulum
668 1068 751 1097 ,12.
777 1056 830 1097 de
853 1064 1004 1098 ventre
1025 1063 1069 1097 et
1078 1064 1249 1111 pectore
1271 1063 1315 1097 el
1335 1063 1453 1111 tergo
1473 1063 1516 1098 et
1535 1055 1744 1101 humeris.

40 1152 194 1221 ξέιῗξῑεηε
207 1153 239 1180 of
248 1152 296 1180 the
336 1143 517 1280 QUi
539 1158 643 1185 vero
674 1143 811 1185 habet
841 1151 1039 1185 ventrem
1065 1157 1276 1199 magnum
1299 1151 1365 1196 est
1394 1143 1669 1195 indiscretuS,
1693 1142 1816 1184 stoli-

123 1208 128 1220 '
456 1214 552 1266 dus,
568 1213 800 1268 superbuS,
821 1227 974 1263 amans
993 1214 1173 1266 coitum.
1220 1214 1514 1267 *Mediocritas
1526 1227 1633 1264 yero
1649 1213 1816 1254 ventris
1837 1227 1874 1260 ¹5

331 1291 376 1324 et
417 1284 622 1325 strictura
668 1284 859 1338 pectoris
898 1284 1120 1338 significat
1163 1283 1445 1325 altitudinem
1489 1283 1739 1325 intellectus
1770 1289 1816 1324 et

42 1367 98 1394 and
112 1366 200 1394 ofthe
213 1367 302 1393 obest.
331 1353 437 1394 boni
470 1353 650 1395 consilii.
714 1353 931 1394 Latitudo
960 1367 1064 1394 vero
1097 1354 1287 1407 pectoris
1325 1359 1368 1394 et
1401 1353 1630 1407 grossicies
1663 1353 1816 1393 hume-

332 1437 478 1464 rorum
521 1430 564 1464 et
616 1423 728 1477 tergi
771 1422 991 1477 significat
1036 1424 1303 1476 probitatem
1351 1430 1394 1464 et
1437 1423 1669 1465 audaciam
1717 1436 1816 1463 cum

331 1494 584 1535 retencione
626 1493 874 1542 intellectus
916 1498 960 1533 et
997 1493 1230 1546 sapiencie.
1294 1492 1526 1534 Subtilitas
1571 1507 1675 1534 vero
1706 1493 1818 1546 tergi

319 1563 549 1617 significat
586 1563 812 1603 hominem
851 1563 1142 1603 discordantis
1177 1569 1344 1605 nature.
1408 1563 1691 1605 Mediocritas
1715 1577 1818 1603 vero
1838 1567 1879 1601 2'0

334 1632 527 1688 pectoris
549 1640 594 1674 et
615 1633 727 1686 tergi
752 1632 981 1686 equalitaS,
1000 1633 1175 1686 signum
1200 1639 1266 1676 est
1289 1634 1507 1687 optimum
1532 1639 1575 1674 et
1598 1631 1818 1687 approba-

204 1724 265 1757 129
282 1715 316 1747 b.
334 1710 443 1744 tum.
519 1702 732 1744 Elevacio
754 1702 1038 1744 humerorum
1063 1703 1238 1755 signum
1263 1710 1328 1744 est
1358 1703 1363 1759 Ι
1391 1703 1641 1758 asperitatis
1663 1708 1820 1744 nature
1845 1751 1847 1753 q

49 1784 299 1818 Highshoulders.
335 1780 379 1814 et
401 1771 688 1825 infidelitatis.

399 1879 654 1934 Capitulum
677 1893 756 1936 .13.
781 1881 833 1922 de
855 1881 1057 1924 brachiis.

47 1979 225 2012 Longarms.
462 1961 626 2002 Uando
662 1975 764 2003 vero
805 1962 983 2011 brachia
1020 1963 1342 2016 protenduntur
1383 1963 1425 2003 in
1476 1969 1651 2005 tantum
1703 1961 1822 2017 quod
1844 1978 1882 2014 ²⁵

461 2045 616 2072 manus
653 2033 913 2085 perveniunt
954 2033 1009 2073 ad
1053 2046 1209 2086 genua,
1241 2033 1460 2087 signifi-cat
1505 2033 1736 2075 audaciam
1779 2043 1823 2073 et

48 2110 131 2138 short
145 2121 229 2138 arms.
337 2101 608 2155 probitatem
628 2115 727 2142 cum
744 2102 961 2155 largitate.
1015 2101 1209 2156 Quando
1223 2116 1327 2144 vero
1343 2101 1629 2144 decu‘rtantur
1643 2102 1823 2144 brachia

337 2171 511 2225 signum
535 2177 603 2211 est
625 2172 818 2212 amantis
842 2173 1110 2213 discordiam
1135 2165 1183 2213 et‘
1201 2173 1456 2226 ignorantis.

403 2279 653 2334 Capitulum
677 2293 758 2331 ,14
781 2280 832 2322 de
843 2281 1012 2334 palmis
1032 2287 1075 2321 et
1092 2281 1257 2334 degitis.

52 2391 134 2423 Long
147 2390 307 2424 palmsand
439 2367 576 2408 Alme
597 2381 703 2408 vero
721 2368 853 2422 longe
871 2382 971 2408 cum
991 2368 1142 2420 digitis
1163 2368 1305 2423 longis
1323 2367 1569 2422 significant
1592 2367 1821 2409 dominum
1843 2383 1885 2416 30

49 2426 162 2458 ⁶¹‘5eff'
438 2451 564 2477 suum
598 2437 711 2478 bene
743 2439 1009 2491 dispositum
1042 2439 1098 2479 ad
1132 2438 1295 2479 multas
1326 2445 1457 2487 artes,
1490 2434 1696 2493 precipue
1722 2452 1823 2479 cum

340 2507 619 2556 mechanicis,
641 2513 685 2547 et
718 2507 967 2561 significant
998 2507 1242 2561 sapientem
1267 2507 1311 2548 in
1335 2508 1554 2562 operibus,
1577 2515 1620 2548 et
1647 2507 1822 2560 signum

382 2619 402 2647 4
426 2607 580 2648 Chapter
596 2619 696 2639 cxxv.
717 2608 750 2638 V
893 2609 913 2639 8
938 2608 1090 2648 Chapter
1106 2608 1219 2639 cxxvi.
1242 2608 1275 2639 V
1421 2618 1459 2648 13
1484 2609 1639 2650 Chapter
1653 2608 1777 2640 cxxvii.
1798 2609 1831 2640 V

339 2670 381 2699 24
405 2660 559 2700 Chapter
576 2661 716 2692 cxxviii.
740 2660 773 2691 V
901 2671 945 2701 29
969 2661 1121 2701 Chapter
1138 2661 1252 2693 cxxix.
1276 2662 1309 2693 V
1832 2663 1837 2667 '

1156 2746 1198 2761 οἱ
