1908 3126
202 402 241 435 29
255 393 290 426 b.

207 2385 248 2416 30
264 2387 292 2408 a.

1025 67 1081 110 30

308 184 433 210 unum
449 170 479 208 si
495 168 685 220 possibile
708 169 756 208 sit
773 176 831 208 tot
848 170 995 209 habere
1012 171 1063 208 ad
1084 169 1327 208 medicinam
1350 169 1615 209 ordinandam
1638 177 1677 210 et
1691 184 1798 210 com-

309 225 542 277 ponendam
563 237 634 275 pro
654 237 821 275 corpore
843 237 927 263 suo.
972 226 1023 263 Et
1040 223 1167 275 qualis
1181 224 1303 264 debet
1317 237 1404 264 esse
1419 225 1699 275 apothecarius
1717 225 1798 265 sive

311 280 528 327 herbarius,
546 286 584 317 et
601 279 651 318 de
672 280 778 318 facto
799 278 933 330 regine
952 278 1080 327 Indie,
1099 286 1138 318 et
1154 280 1205 318 de
1221 278 1428 318 mundicia
1447 280 1591 318 anime.
1659 278 1714 330 (p.
1730 279 1800 333 59)

366 334 599 385 Capitulum
622 348 698 373 .22.
731 342 769 373 et
790 342 849 373 est
866 333 1087 385 capitulum
1108 333 1293 373 ultimum
1315 335 1442 384 prime
1463 333 1583 384 partis
1604 335 1655 374 de
1671 336 1769 374 hora
1794 334 1797 387 Ι

311 389 495 441 eligenda
525 402 594 439 per
624 388 835 427 consilium
864 388 1054 439 sapientis
1084 388 1272 439 astrologi
1301 390 1353 428 ad
1383 388 1520 427 omnia
1549 389 1734 429 facienda
1760 397 1799 429 et
1817 401 1834 433 5

311 446 422 495 quod
444 444 529 483 sine
551 457 624 482 suo
646 443 815 482 consilio
842 443 965 482 nichil
995 445 1076 492 fiat,
1097 443 1178 482 sive
1199 445 1250 482 de
1271 443 1463 494 regimine
1482 443 1562 483 vite
1583 457 1653 494 per
1679 452 1799 484 astro-

310 499 489 538 nomiam
525 507 563 537 et
602 499 653 537 de
688 498 947 549 providencia
986 498 1169 537 facienda
1204 505 1242 537 et
1278 497 1533 537 oracionibus
1571 500 1623 538 ad
1665 500 1798 538 Deum

308 553 563 593 effundendis
594 566 686 592 cum
718 553 952 601 devocione,
981 552 1155 604 jejuniis,
1192 552 1377 601 serviciis,
1409 552 1622 601 sacrificiis,
1654 555 1799 593 elemo-

310 610 418 657 sinis,
453 616 492 647 et
524 607 721 647 similibus
751 608 940 659 operibus
970 622 1063 647 cum
1094 621 1213 647 causa
1244 621 1316 646 sua
1346 608 1453 647 bona
1483 615 1522 648 et
1546 621 1648 657 vera,
1679 617 1718 648 et
1748 609 1799 648 de

310 663 479 702 utilitate
500 676 580 714 que
601 677 648 702 ex
672 664 747 702 ista
767 663 1095 702 consideracione
1123 662 1393 713 consequitur,
1418 671 1456 702 et
1478 676 1547 713 per
1567 664 1798 715 oppositum
1820 682 1858 706 ιο

310 720 361 757 de
384 717 497 756 malis
518 731 597 768 que
614 718 803 757 eveniunt
824 732 906 756 non
928 717 1276 757 considerantibus
1298 717 1379 756 sive
1400 717 1693 769 negligentibus
1710 719 1798 758 hee.

368 772 599 824 Expliciunt
620 773 795 824 capitula
816 773 936 823 partis
958 772 1096 823 prime.
1653 772 1706 825 (p.
1730 772 1798 826 60)

401 945 596 995 Νίζβιιιπί
612 945 782 994 capzlula
793 945 928 994 partis
945 945 1112 982 secunde.

441 999 672 1059 Capitulum
696 999 867 1049 primum
889 998 1007 1049 partis
1029 999 1207 1037 secunde
1228 1006 1286 1037 est
1300 999 1351 1037 de
1373 999 1682 1038 conservacione
1699 999 1798 1038 sani-

312 1056 403 1094 tatis
425 1062 464 1094 et
484 1062 573 1093 ortu
594 1053 868 1093 scienciarum.
1648 1052 1704 1105 (p
1729 1053 1799 1106 64>
1822 1062 1857 1096 15
1902 1092 1903 1098 ἵ

368 1109 630 1160 Capitulum.
639 1123 672 1146 2.
707 1110 758 1147 de
788 1107 1002 1158 equalitate
1033 1108 1227 1147 servanda
1260 1107 1301 1145 in
1336 1108 1537 1156 omnibus,
1572 1107 1724 1148 scilicet
1757 1108 1798 1148 in

311 1164 404 1204 cibo
425 1172 464 1204 et
477 1171 573 1215 potu
596 1171 634 1202 et
653 1163 739 1202 aliis
760 1163 909 1202 scilicet
930 1194 937 1202 .
946 1175 981 1214 5.
1003 1163 1121 1202 rebus
1148 1176 1232 1202 non
1259 1163 1505 1202 naturalibus
1531 1162 1698 1202 residuis
1720 1176 1799 1214 que

313 1227 533 1266 enumerat,
557 1218 742 1257 videlicet
763 1217 931 1268 qualiter
951 1219 1075 1257 homo
1095 1218 1347 1268 permanebit
1368 1231 1524 1268 semper
1545 1231 1666 1257 sanus
1687 1226 1726 1257 et
1745 1219 1797 1257 ad

312 1275 494 1313 ultimam
517 1272 810 1324 longitudinem
832 1272 911 1312 vite
931 1274 1146 1323 perveniet,
1166 1280 1204 1311 et
1225 1285 1347 1322 quare
1367 1272 1503 1311 omnia
1523 1280 1615 1312 sunt
1636 1272 1798 1312 inventa

313 1337 351 1369 et
379 1342 502 1379 quare
530 1341 553 1367 a
580 1329 778 1379 superflua
805 1327 1054 1367 comestione
1085 1335 1144 1366 est
1174 1326 1461 1366 abstinendum
1494 1341 1586 1366 cum
1615 1341 1686 1367 sua
1712 1341 1798 1379 pro·
1818 1343 1856 1367 20
1900 1362 1901 1365 ,

313 1383 495 1431 bacione,
513 1391 552 1422 et
573 1396 652 1434 que
673 1390 732 1422 est
752 1395 910 1421 summa
930 1381 1131 1421 medicina
1151 1389 1189 1421 et
1211 1389 1270 1420 est
1290 1383 1509 1432 capitulum
1530 1381 1637 1422 istud
1658 1382 1798 1422 ultima

314 1438 438 1490 gloria
465 1436 743 1477 inestimabilis
763 1436 885 1488 precii
912 1438 964 1476 ad
985 1437 1301 1476 conservandam
1323 1436 1534 1476 sanitatem
1556 1446 1594 1477 et
1615 1451 1796 1477 normam

313 1493 485 1532 vivendi.
1651 1492 1706 1543 (p.
1730 1492 1799 1545 65)

369 1547 600 1598 Capitulum
621 1546 787 1586 tercium
816 1547 867 1585 de
895 1546 1205 1586 conservacione
1232 1546 1410 1586 sanitatis
1432 1549 1656 1587 secundum
1678 1546 1799 1598 quali-

312 1610 435 1642 tatem
466 1601 755 1653 complexionis
784 1609 823 1640 et
857 1602 1061 1652 temporis,
1091 1602 1172 1640 sive
1203 1602 1254 1640 de
1284 1601 1493 1641 cibacione
1520 1610 1559 1642 et
1586 1601 1799 1653 potacione
1819 1613 1856 1646 25

313 1658 537 1697 secundum
577 1656 897 1717 complexionem
936 1656 1150 1706 cujuslibet
1189 1664 1227 1695 et
1267 1658 1490 1696 secundum
1530 1665 1722 1708 tempora,
1759 1664 1799 1696 et
1859 1679 1861 1681 ·
1900 1679 1902 1708 1

313 1719 413 1763 quot
443 1711 575 1751 modis
605 1711 753 1750 sanitas
783 1720 1049 1758 conservatur,
1082 1710 1267 1750 videlicet
1296 1711 1465 1761 qualiter
1494 1712 1672 1762 quelibet
1693 1724 1798 1751 com-

313 1766 446 1817 plexio
467 1766 589 1806 debet
609 1765 833 1805 conservari
854 1765 895 1804 in
916 1779 989 1804 suo
1010 1773 1125 1814 statu,
1148 1774 1186 1804 et
1206 1767 1258 1805 ad
1279 1767 1396 1804 aliam
1418 1766 1555 1805 reduci
1576 1768 1607 1805 si
1629 1773 1796 1817 oportet,

313 1829 353 1861 et
369 1835 448 1872 que
464 1820 612 1860 cibaria
632 1822 878 1860 conveniunt
899 1828 1080 1860 stomaco
1102 1820 1233 1860 calido
1255 1829 1292 1859 et
1309 1834 1388 1871 que
1408 1821 1561 1872 frigido,
1580 1829 1622 1860 ut
1643 1834 1799 1861 conser-

312 1884 466 1924 ventur,
489 1883 528 1915 et
549 1877 600 1915 de
620 1875 857 1926 cognicione
878 1875 975 1914 boni
997 1875 1193 1914 stomachi
1215 1883 1253 1914 et
1274 1877 1378 1914 mali.
1654 1874 1707 1928 (p.
1731 1874 1799 1928 66>
1818 1883 1857 1916 30

367 1930 599 1981 Capitulum
621 1944 671 1978 .4.
702 1931 753 1969 de
782 1929 857 1968 hiis
887 1943 966 1981 que
995 1930 1194 1980 pertinent
1223 1931 1276 1969 ad
1306 1930 1482 1981 regimen
1509 1930 1688 1970 sanitatis
1708 1937 1799 1981 post

313 1999 530 2037 sompnum
569 1992 811 2024 nocturnum
846 1993 939 2024 ante
980 1986 1117 2024 horam
1154 1985 1447 2036 preparacionis
1481 1986 1532 2025 ad
1567 1985 1703 2025 cibum
1738 1998 1799 2025 su-

315 2042 520 2080 mendum.
1651 2039 1708 2092 (p.
1729 2038 1800 2092 68)

368 2095 602 2146 Capitulum
625 2107 673 2145 ..5
707 2095 758 2134 de
779 2102 891 2133 motu
912 2102 1129 2144 antequam
1158 2102 1336 2133 sumatur
1363 2094 1488 2143 cibus,
1512 2102 1550 2134 et
1571 2096 1622 2134 de
1643 2095 1736 2134 cibo
1759 2102 1799 2135 et

315 2158 425 2201 potu,
449 2158 487 2189 et
509 2151 560 2189 de
581 2150 705 2188 modo
727 2149 888 2189 cibandi
910 2156 948 2188 et
969 2149 1177 2199 potandi.
1651 2148 1706 2201 (p.
1732 2147 1798 2202 71)
1818 2160 1855 2193 35
1906 2176 1908 2206 3

371 2204 603 2255 Capitulum
626 2206 675 2242 .6.
708 2205 759 2243 de
785 2205 910 2243 modo
940 2204 1167 2242 dormiendi
1198 2217 1316 2255 super
1345 2205 1466 2243 latera
1496 2203 1650 2244 diversa
1681 2212 1720 2243 et
1748 2204 1799 2244 de

316 2261 455 2299 dolore
476 2258 673 2298 stomachi
689 2266 728 2298 et
749 2259 1032 2297 eructuacione
1052 2259 1138 2308 ejus
1160 2266 1198 2297 et
1220 2272 1358 2297 eorum
1380 2258 1579 2298 remediis.
1650 2258 1705 2311 (p.
1732 2257 1799 2312 73)

369 2315 601 2364 Capitulum
625 2325 673 2362 .7.
705 2314 755 2352 de
785 2321 895 2352 motu
923 2320 1012 2363 post
1042 2313 1253 2363 prandium
1281 2320 1320 2352 et
1351 2314 1402 2352 de
1428 2313 1678 2353 dormicione
1707 2321 1800 2353 ante
1837 2316 1842 2322 '

314 2368 525 2419 prandium
543 2376 581 2407 et
598 2376 699 2419 post,
727 2368 732 2417 Ι
759 2367 921 2415 scilicet,
936 2368 1100 2418 quando
1121 2368 1255 2406 mocio
1271 2376 1330 2407 est
1350 2369 1607 2408 excercenda.
1659 2367 1715 2420 (p.
1733 2365 1799 2421 73)

370 2423 601 2474 Capitulum
625 2425 673 2461 ,8.
704 2424 755 2462 de
776 2423 899 2462 semel
927 2422 1182 2461 comedendo
1203 2423 1264 2461 vel
1286 2422 1345 2461 bis
1367 2430 1405 2462 et
1425 2424 1476 2462 de
1506 2422 1799 2462 consuetudine
1816 2430 1857 2464 40

315 2479 558 2517 comedendi
581 2478 842 2516 observanda.
1653 2476 1707 2529 (p.
1731 2475 1798 2530 75)

371 2533 604 2583 Capitulum
638 2547 684 2582 .9.
726 2532 836 2582 quod
871 2545 953 2570 non
985 2531 1146 2570 iteretur
1178 2532 1374 2570 comestio
1404 2539 1498 2571 ante
1532 2531 1797 2584 digestionem

315 2588 530 2637 perfectam
561 2587 700 2637 prioris
729 2586 809 2625 cibi
839 2594 877 2625 et
904 2586 1112 2636 quomodo
1138 2586 1217 2625 hoc
1244 2586 1499 2637 cognoscitur
1527 2588 1610 2626 sive
1629 2588 1681 2628 de
1701 2588 1798 2627 hora

316 2641 572 2681 comedendi.
1653 2641 1706 2693 (p.
1733 2639 1798 2694 75)
1824 2680 1831 2687 ,

371 2695 698 2746 Capitulum.10.
729 2697 780 2735 de
810 2694 1040 2734 intencione
1071 2695 1109 2733 in
1131 2696 1342 2734 universali
1372 2703 1543 2746 quatuor
1572 2704 1796 2747 temporum
1815 2710 1853 2746 45

1905 2483 1908 2562 l

1888 2590 1908 2679 ,⁴

1902 2691 1908 2751 l

1904 2793 1908 2841 Ι
