1908 3126
770 126 849 167 149

71 228 276 283 palmites
317 236 361 270 et
403 243 550 270 ramos
593 236 636 270 et
677 236 856 270 truncos
899 236 1081 276 erectos,
1119 229 1312 282 quedam
1353 227 1548 270 habent1

71 299 258 341 fructum
298 305 341 340 et
383 312 534 340 semen
573 298 682 339 utile
719 299 775 339 ad
812 298 1232 351 multiplicacionem
1268 298 1334 339 sui
1378 298 1549 352 generis

70 381 170 409 cum
214 368 324 409 bene
366 368 572 410 coluntur
613 375 657 409 et
694 375 916 422 reguntur.
991 368 1133 420 Juxta
1174 374 1442 423 potestatem
1487 369 1550 409 tui

70 437 264 480 thesauri
287 445 354 480 est
375 437 633 479 durabilitas
655 445 697 480 et
721 437 918 479 defensio
941 438 1005 479 tui
1029 438 1152 492 regni
1175 445 1219 480 et
1240 446 1315 479 tue
1336 438 1550 492 potencie.

32 523 50 560 5
129 505 320 562 Oportet
344 522 449 562 ergo
473 514 521 549 ut
543 508 653 549 bene
682 514 890 562 regantur
922 509 1087 550 subditi
1119 516 1161 550 et
1192 509 1311 563 quod
1347 509 1550 550 intendas
1570 521 1641 548 cive
1654 522 1728 560 good
1743 521 1814 547 heed

69 591 219 618 eorum
247 578 585 619 necessitatibus
607 584 650 619 et
673 578 790 631 quod
824 591 1051 619 removeas
1077 578 1254 631 injurias
1284 579 1340 619 ab
1370 579 1550 628 eisdem,
1569 556 1796 582 mmmmm*

70 653 112 687 et
128 643 489 701 quod‘nunquam
509 647 660 689 tedeat
677 654 721 688 te
739 647 1097 700 superintendere
1114 661 1266 689 eorum
1283 647 1550 689 condicioni-

71 717 222 767 bus‚,et
242 717 452 770 inquirere
470 717 524 756 de
542 716 624 756 hiis
646 717 807 769 quibus
827 717 1037 770 indigent.
1082 717 1262 758 Habeas
1284 730 1390 770 ergo
1412 730 1547 758 unum

71 786 213 827 solum
244 785 520 839 prepositum
551 799 576 826 a
603 792 647 827 te
677 786 968 828 constitutum
999 784 1004 839 1
1033 787 1106 839 qui
1137 800 1226 827 non
1258 787 1460 828 intendat
1491 787 1546 828 ad
1573 801 1679 832 113a.

16 874 54 897 10
71 856 421 897 destruccionem
464 855 666 896 arborum
706 861 772 896 set
810 857 865 896 ad
906 856 1304 906 conservacionem,
1342 857 1417 910 qui
1454 869 1551 910 pre-

72 926 240 979 positus
263 926 374 967 bene
397 925 453 966 sit
475 925 731 978 dispositus,
748 925 1052 979 morigeratus,
1072 926 1348 979 longanimis,
1363 927 1551 980 sapiens,

72 995 260 1049 paciens.
324 994 413 1049 Qui
446 995 480 1034 si
515 1007 602 1034 non
635 1000 702 1035 est
734 994 836 1035 talis
861 995 994 1035 corda
1027 995 1307 1036 subditorum
1341 995 1553 1037 rebellant
1574 1007 1634 1033 Bad
1647 1016 1827 1046 governapce

72 1064 166 1118 ejus
194 1065 393 1119 regimini
417 1070 460 1105 et
490 1071 824 1117 corrumpentur
854 1078 930 1118 per
960 1065 1105 1118 ipsum
1138 1065 1440 1120 cogitaciones
1467 1079 1553 1118 que
1571 1041 1829 1067 musembeumn'

70 1141 193 1176 erant
215 1147 335 1188 pure.

16 1220 52 1253 15
131 1203 237 1245 Noli
260 1204 554 1258 multiplicare
581 1203 906 1257 dispensatores
931 1203 973 1244 in
998 1204 1206 1258 expensis
1229 1204 1317 1246 tuis
1339 1203 1551 1246 faciendis
1571 1209 1826 1270 Rsslssi'ssfffsfflfflss

73 1273 175 1327 quia
198 1286 276 1328 per
298 1273 382 1314 hoc
405 1273 676 1327 ingredietur
697 1274 924 1327 corrupcio
952 1287 1082 1326 super
1105 1280 1164 1315 te.
1227 1273 1345 1327 Quia
1367 1273 1553 1327 quilibet
1592 1266 1597 1270 ’
1651 1266 1668 1270 μ’
1794 1266 1797 1269 ’
1818 1265 1823 1271 ’

74 1357 226 1384 eorum
259 1343 444 1384 intendit
475 1356 683 1396 superare
714 1356 966 1397 comparem
998 1356 1126 1384 suum
1162 1343 1204 1383 in
1237 1342 1554 1397 corrupcione2

73 1413 138 1454 sui
171 1413 377 1467 corporis,
410 1419 454 1454 et
491 1412 725 1454 conabitur
759 1427 805 1454 se
841 1413 1073 1454 ostendere
1109 1412 1285 1453 fidelem
1319 1420 1362 1454 et
1398 1412 1551 1454 utilem

74 1483 154 1523 tibi
197 1483 238 1523 in
280 1490 459 1525 tuorum
501 1483 859 1537 oppressionibus
902 1482 1194 1534 subditorum,
1237 1490 1280 1524 et
1323 1482 1404 1524 hoc
1449 1482 1554 1524 facit
1572 1497 1641 1529 they
1656 1496 1841 1536 wuroppress

17 1568 56 1592 20
74 1552 260 1606 quilibet
297 1552 548 1606 bajulorum
587 1559 635 1593 ut
674 1553 716 1593 in
752 1551 900 1594 officio
938 1552 994 1593 ad
1032 1552 1150 1604 quod
1189 1552 1269 1593 fuit
1312 1553 1552 1606 deputatus
1572 1531 1791 1564 yourfflbfiffi'

75 1622 245 1663 diucius
276 1629 537 1677 perseveret.
603 1622 664 1663 Et
695 1622 819 1663 multi
852 1622 963 1663 tales
995 1628 1096 1662 sunt
1125 1622 1200 1676 qui
1230 1635 1365 1663 unum
1399 1621 1554 1662 dicunt

75 1699 118 1732 et
140 1692 259 1734 aliud
282 1692 460 1743 faciunt,
482 1699 525 1734 et
553 1692 718 1733 multos
747 1698 1036 1746 corrumpunt
1061 1699 1107 1733 ut
1130 1705 1205 1733 eos
1238 1698 1553 1733 manuteneant

75 1769 118 1803 et
140 1761 390 1804 defendant.

139 1880 388 1936 Capitulum
422 1881 505 1923 ,18.
537 1882 589 1923 de
613 1882 866 1935 proceribus
897 1889 940 1922 et
970 1881 1123 1922 ordine
1154 1882 1247 1922 sive
1281 1880 1555 1922 ordinacione
1819 1883 1846 1934 1

20 1973 34 1995 2
40 1973 57 2003 ,ς
76 1965 224 1992 corum
235 1959 320 2005 pro
341 1951 454 2000 bello,
475 1952 567 1993 sive
591 1951 644 1992 dc
666 1950 943 2006 disposicione
963 1958 1004 1992 ct
1026 1965 1205 1992 numero
1226 1958 1456 2003 procerum
1481 1963 1555 1991 sen

23 2050 29 2058 .
79 2021 270 2063 militnm
312 2022 358 2063 in
401 2020 614 2075 regimine
661 2022 789 2075 regni
828 2027 871 2062 et
914 2022 959 2062 in
1001 2028 1188 2075 teniporc
1231 2020 1340 2070 belli,
1376 2020 1468 2061 sive
1505 2020 1557 2060 de

76 2091 351 2144 disposicione
387 2091 581 2132 ductoris
604 2092 677 2133 sni
707 2097 750 2132 et
781 2090 834 2132 de
870 2091 1036 2132 accione
1072 2089 1329 2131 bellatorum
1364 2090 1554 2143 ipsorum

78 2160 351 2214 inferiorum.

179 2247 370 2289 Roceres
391 2253 493 2287 sunt
516 2246 690 2288 addicio
714 2253 758 2287 et
781 2245 1093 2299 multiplicacio
1117 2244 1252 2298 regni,
1273 2250 1317 2284 et
1339 2256 1416 2296 per
1439 2242 1557 2296 ipsos
1575 2261 1746 2294 Theurility
1756 2260 1845 2287 orme

19 2331 61 2363 30
177 2319 418 2359 honoratur
448 2317 567 2359 curia
598 2324 643 2358 et
674 2317 903 2356 ordinatur
934 2327 1115 2369 regnum
1146 2314 1189 2354 in
1220 2313 1427 2366 gradibus
1454 2296 1756 2356 suis.{³2³22e1‘1151f's‘he

81 2388 263 2442 Optima
294 2401 399 2441 ergo
429 2387 653 2428 ordinacio
675 2393 742 2426 est
765 2385 1007 2427 necessaria
1037 2384 1080 2424 in
1107 2396 1257 2423 eorum
1280 2382 1490 2436 gradibus
1513 2388 1557 2422 et

80 2457 460 2510 disposicionibus‚
476 2464 524 2497 ut
542 2469 631 2497 non
651 2455 786 2496 lateat
804 2462 847 2495 te
864 2453 1099 2508 propinqui
1118 2452 1318 2493 condicio
1337 2458 1380 2492 et
1398 2451 1557 2492 remoti

134 2585 144 2605 ¹
175 2592 213 2623 et
235 2583 289 2622 ita
308 2582 428 2621 debet
450 2580 533 2620 fieri
554 2580 594 2619 in
613 2580 782 2619 subditis
803 2578 923 2629 regni.

135 2638 147 2661 ²
175 2637 299 2685 aliter,
320 2637 360 2675 in
381 2635 637 2686 correpcione
658 2635 715 2673 sui
738 2633 935 2683 comparis
955 2632 1033 2682 (vel
1054 2631 1212 2683 operis).

48 2752 51 2754 ’
92 2759 94 2761 ’
129 2756 166 2797 1'5
189 2759 345 2798 Chapter
361 2757 450 2789 cviii.
473 2756 509 2788 V.
649 2766 690 2793 :24
717 2754 811 2786 Book
828 2753 925 2792 VIII,
945 2753 1096 2793 Chapter
1112 2753 1178 2784 cix.
1204 2751 1233 2783 V.
