1908 3126
765 92 846 136 115

68 212 177 248 rum,
214 205 258 240 et
295 197 579 240 animalium:
626 197 685 238 Et
728 197 939 250 reperitur
974 197 1014 238 in
1048 199 1245 252 quolibet
1287 199 1386 242 loco
1423 206 1467 242 et
1504 200 1547 241 in
1567 211 1658 239 which
1673 212 1797 240 isfound

68 267 266 323 quolibet
302 274 504 322 tempore
537 274 580 308 et
613 267 656 307 in
694 266 895 321 quolibet
921 266 1123 310 homine:
1159 269 1218 310 Et
1251 269 1548 311 convertibilis
1565 248 1756 280 ‘everywhere'

67 344 132 380 est
166 337 208 378 in
244 336 487 391 quemlibet
523 336 739 379 colorem:
780 336 840 377 Et
877 337 919 377 in
955 351 1001 379 se
1042 338 1239 381 continet
1272 339 1421 380 omnia
1462 339 1549 381 ele-

68 414 242 449 menta:
297 406 357 447 Et
400 407 559 449 dicitur
601 407 742 447 minor
784 407 987 448 mundus.
1062 408 1122 449 Et
1174 423 1258 463 ego
1309 410 1549 450 nominabo
1568 426 1820 454 calledthelesser

30 478 210 532 5ipsum
252 476 432 518 nomine
473 490 554 517 suo
596 489 683 529 quo
726 477 925 518 nominat
968 477 1113 530 ipsum
1159 478 1329 532 vulgus,
1372 461 1664 529 scilicet,W⁰‘¹d'

66 547 276 590 terminus
297 546 379 597 ovi,
402 546 484 587 hoc
504 552 570 587 est
593 546 750 593 dicere,
772 559 904 587 ovum
932 547 1312 601 philosophorum.
1387 549 1549 590 Divide
1568 574 1598 591 01-
1613 565 1660 610 the
1673 565 1796 598 philoso-

67 631 170 672 ergo
197 617 340 671 ipsum
379 615 423 656 in
460 622 651 670 quatuor
682 622 857 671 partes:
889 616 1085 670 quelibet
1118 632 1219 672 pars
1251 618 1385 660 habet
1418 631 1548 660 unam
1568 599 1782 667 ἓὴῑῖῖἓξῑῗῗζηο

67 693 282 745 naturam.
345 686 519 727 Deinde
536 699 756 739 compone
774 685 917 740 ipsum
940 686 1154 741 equaliter
1172 694 1215 728 et
1238 688 1549 742 proporciona-
1568 675 1731 709 spumam·

65 756 175 808 liter,
207 756 269 798 ita
305 757 426 811 quod
469 769 555 796 non
597 755 652 796 sit
695 755 738 796 in
773 770 825 797 eo
859 756 1015 798 divisio
1048 770 1128 799 nec
1161 758 1469 812 repugnancia,
1507 764 1550 799 et

28 843 49 866 0
66 825 250 869 habebis
272 825 562 881 propositum,
589 825 786 867 Domino
808 826 1090 868 concedente.
1157 827 1246 868 Iste
1273 825 1277 883 Ι
1302 827 1460 868 modus
1483 834 1548 869 est
1570 835 1610 865 88
1629 845 1657 866 a.

67 895 332 947 universalis,
374 902 440 936 set
485 908 568 949 ego
610 895 806 937 dividam
859 895 940 938 tibi
983 896 1127 949 ipsum
1170 897 1213 938 in
1265 897 1550 951 operaciones
1585 910 1588 914 ’

66 965 290 1020 speciales.
365 965 600 1007 Dividatur
628 965 777 1018 itaque
811 964 855 1006 in
886 973 1087 1019 quatuor,
1110 972 1152 1007 et
1179 967 1354 1008 duobus
1393 968 1551 1008 modus

67 1034 115 1076 fit
134 1035 247 1076 bene
265 1042 308 1076 et
325 1035 415 1076 sine
438 1034 736 1088 corrupcione.
781 1035 976 1089 Quando
999 1049 1104 1089 ergo
1128 1035 1333 1077 habueris
1351 1035 1366 1060 ¹
1388 1050 1549 1090 aquam
1571 1051 1612 1078 or
1623 1050 1670 1076 the
1684 1056 1783 1076 nature
1795 1052 1828 1077 0f

67 1118 125 1146 ex
147 1118 260 1155 aere,
282 1111 325 1145 et
348 1118 494 1145 aerem
517 1118 575 1145 ex
603 1104 714 1158 igne,
736 1111 778 1146 et
812 1105 959 1158 ignem
983 1118 1041 1146 ex
1064 1104 1211 1156 terra,2
1231 1112 1337 1147 tunc
1369 1105 1553 1148 habebis
1571 1084 1842 1115 thesom'elemems'

30 1189 48 1221 5
67 1174 199 1228 plene
220 1181 374 1215 artem.
438 1174 639 1228 Dispone
669 1188 776 1229 ergo
814 1174 1114 1216 substanciam
1147 1188 1321 1216 aeream
1355 1189 1433 1230 per
1464 1176 1552 1216 dis-
1573 1191 1795 1231 Unitethemoin

39 1242 368 1294 ,creceionem,3
399 1250 442 1284 et
480 1244 665 1297 dispone
694 1244 992 1301 substanciam
1030 1250 1217 1286 terream
1252 1258 1331 1298 per
1363 1244 1552 1286 humidi·
1572 1227 1825 1259 duepr⁰p⁰¹²¹⁰¹¹³

67 1320 206 1355 tatem
245 1319 289 1354 et
325 1312 598 1354 caliditatem
618 1311 633 1335 4
667 1314 808 1355 donec
845 1312 1110 1356 conveniant
1142 1321 1185 1355 et
1217 1314 1553 1369 conjungantur,

67 1382 144 1425 et⁵
181 1397 269 1426 non
305 1383 555 1437 discrepent
587 1397 665 1425 nec
699 1383 964 1426 dividantur.
1029 1384 1089 1425 Et
1122 1391 1228 1424 tunc
1269 1384 1463 1438 adjunge
1491 1386 1551 1425 eis
1571 1390 1760 1451 ffi‘ffe‘j‘effl‘d

66 1453 176 1495 duas
204 1454 390 1501 virtutes
417 1453 678 1507 operativaS,
706 1467 869 1507 aquam
892 1460 936 1495 et
968 1454 1129 1507 ignem,
1153 1459 1197 1494 et
1228 1459 1331 1495 tunc
1358 1454 1553 1508 comple·
1659 1445 1666 1458 '

30 1536 51 1558 0
67 1523 186 1566 bitur
207 1537 330 1578 opus.
393 1522 510 1577 Quia
531 1523 566 1563 si
588 1523 838 1578 permiseris
859 1537 1021 1577 aquam
1049 1523 1190 1565 solam
1206 1523 1221 1546 6
1243 1522 1553 1578 dealbabitur‚⁷
1572 1525 1793 1584 ffaffigffifgnor

67 1599 111 1634 et
131 1593 167 1634 si
186 1593 386 1647 junxeris
408 1594 557 1646 ignem
573 1591 588 1615 8
611 1591 880 1644 rubefaciet‚9
905 1593 1100 1635 Domino
1123 1594 1406 1636 concedente.
1572 1593 1649 1625 gom.

128 1662 188 1704 Et
218 1670 343 1717 pater
374 1670 524 1705 noster
556 1663 866 1717 Hermogenes
898 1663 972 1717 qui
1006 1663 1170 1717 triplex
1187 1661 1220 1687 ¹⁰
1242 1670 1308 1705 est
1336 1664 1379 1705 in
1412 1663 1553 1717 philo—
1573 1671 1846 1733 ξὲζιξῐὲἒῗῑτέῐᾱω

68 1732 225 1786 sophia
246 1733 416 1787 optime
437 1732 747 1787 prophetando
769 1732 886 1774 dixit
905 1750 913 1774 ε
1318 1774 1329 1789 .

127 1802 306 1844 Veritas
338 1803 401 1843 ita
432 1816 478 1843 se
510 1802 646 1843 habet
678 1809 722 1844 et
754 1816 843 1844 non
876 1808 943 1843 est
976 1802 1174 1853 dubium,
1196 1803 1317 1856 quod
1352 1801 1555 1843 inferiora

32 1884 50 1917 5
69 1872 365 1926 superioribus
387 1878 431 1913 et
454 1872 680 1925 superiora
705 1871 980 1913 inferioribus
1004 1872 1285 1925 respondent.

124 1997 136 2017 ¹
167 1997 208 2037 id
229 2005 299 2046 est,
323 2010 460 2048 sepera
480 1996 690 2047 quodlibet
710 2010 733 2034 a
753 1996 946 2047 quolibet.
1124 1995 1137 2015 ²
1165 1997 1378 2047 complete.

125 2052 138 2073 ³
168 2051 209 2092 id
229 2060 299 2100 est,
322 2065 392 2103 per
421 2052 564 2091 modos
595 2050 776 2102 proprios
807 2058 846 2090 et
870 2052 1065 2090 discretos
1096 2050 1165 2102 qui
1189 2052 1386 2090 docentur
1411 2049 1453 2089 in
1483 2051 1558 2090 hac

71 2114 164 2147 arte.

125 2162 137 2181 ⁴
166 2161 259 2212 quia
280 2175 349 2212 per
369 2174 492 2211 aquas
513 2167 650 2211 acutas
671 2161 792 2200 debet
813 2161 884 2200 teri
906 2168 954 2199 et·
965 2159 1084 2208 ablui,
1108 2167 1147 2199 et
1167 2173 1237 2211 per
1263 2161 1435 2200 calorem
1456 2159 1557 2211 ignis

31 2229 52 2252 0
71 2217 132 2256 vel
153 2215 246 2255 solis
266 2215 414 2255 torreri.
1209 2216 1223 2235 ⁵
1250 2222 1305 2253 ut.

125 2272 138 2292 ⁶
167 2270 329 2319 scilicet,
351 2283 444 2309 curn
465 2282 555 2309 aere
575 2276 614 2308 et
635 2277 747 2308 terra.
1336 2276 1339 2278 ’

125 2326 138 2345 ⁷
166 2324 208 2365 id
228 2333 298 2374 est,
321 2326 389 2364 fiet
408 2332 616 2375 argentum
639 2324 717 2375 (vel
738 2323 884 2375 faciet).

125 2380 138 2401 ⁸
166 2379 328 2428 scilicet,
349 2380 402 2418 ad
421 2392 568 2429 aquam
589 2386 628 2418 et
648 2392 781 2418 aerem
803 2387 842 2418 et
864 2386 1018 2418 terram.

126 2434 139 2455 ⁹
168 2435 209 2474 id
230 2441 300 2482 est,
323 2435 441 2473 faciet
461 2432 540 2485 (vel
560 2434 646 2487 fiet)
666 2447 818 2472 aurum.

35 2497 53 2530 5
126 2489 153 2510 ¹⁰
181 2488 321 2539 triplex
359 2488 454 2539 quia
491 2487 597 2535 fecit,
635 2488 796 2536 scilicet,
828 2488 1060 2536 naturalem,
1099 2488 1302 2535 moralem,
1335 2494 1373 2526 et
1409 2488 1556 2526 metha-

72 2543 315 2594 phisicalem,
339 2543 414 2582 sub
435 2542 602 2582 naturali
623 2544 791 2583 habetur
807 2542 977 2581 alkimia.

67 2696 79 2706 .
116 2684 157 2705 22
182 2675 336 2715 Chapter
358 2675 464 2706 lxxxi.
488 2674 525 2707 V.
573 2674 661 2707 Two
678 2675 840 2716 chapters
866 2676 914 2716 (p.
936 2678 1010 2716 173)
1030 2654 1064 2707 in
1089 2676 1148 2707 the
1174 2675 1338 2707 Achillini
1360 2680 1435 2708 text
1458 2686 1555 2708 come

63 2727 189 2759 before
206 2727 290 2767 this,
306 2727 410 2758 found
429 2727 463 2758 in
482 2727 577 2759 Book
595 2726 681 2759 X111
701 2727 739 2758 of
753 2728 812 2758 the
829 2728 986 2760 Hebrew
1002 2732 1087 2760 text.

783 2793 842 2826 12
