1908 3126
980 69 1095 112 xxiv

257 189 507 240 subsequent
522 187 709 228 editions.
759 188 814 225 At
834 186 903 225 the
922 185 1004 224 end
1023 185 1070 224 of
1084 183 1203 223 Book
1221 184 1268 222 ΙΙ
1286 183 1340 222 he
1358 181 1535 222 inserted
1554 194 1578 220 a
1597 181 1703 232 large
1721 188 1811 233 part

258 258 305 296 of
319 255 474 295 section
495 255 533 295 O
548 255 634 305 (pp.
655 252 898 304 157-161²⁴)‚
917 251 1104 290 followed
1122 250 1176 301 by
1191 250 1347 289 Section
1363 249 1414 298 Q,
1430 261 1475 287 as
1494 249 1536 287 in
1552 249 1622 287 the
1635 248 1810 298 Vulgate

257 330 351 370 text,
373 330 416 360 to
434 335 473 372 p.
500 319 617 371 115²¹.
677 320 790 358 Here
810 319 862 357 he
879 317 1023 356 inserts
1041 330 1066 356 a
1084 329 1251 368 passage
1270 316 1373 354 from
1402 316 1471 354 the
1497 316 1547 351 W
1547 323 1681 354 estern
1705 315 1810 352 sorm

256 388 517 440 (paragraphs
542 399 616 437 125
641 386 724 424 and
748 387 823 423 126
853 383 1026 436 Gaster),
1057 383 1140 422 and
1168 383 1267 421 then
1296 394 1475 420 resumes
1503 381 1598 419 with
1626 389 1665 431 p.
1689 379 1808 430 115

257 457 448 494 Between
477 467 543 505 pp.
578 454 655 491 118
683 452 766 490 and
798 464 875 500 119
904 451 950 489 of
974 463 1048 489 our
1070 458 1152 488 text
1181 449 1233 487 he
1257 447 1374 499 again
1397 446 1540 486 inserts
1568 446 1812 497 paragraphs

260 533 447 570 127—135
479 520 524 558 of
550 519 619 557 the
649 519 833 556 Western
865 525 949 556 text
981 515 1061 567 (ed.
1090 512 1264 566 Gaster),
1288 512 1542 564 transposing
1568 512 1810 563 paragraphs

261 600 338 637 133
377 587 460 624 and
502 598 589 634 134
649 584 739 622 The
778 581 897 621 Latin
915 618 918 621 Α
935 589 1018 620 text
1055 582 1102 620 of
1130 582 1243 619 these
1276 578 1482 619 additions
1511 577 1546 617 is
1578 577 1740 629 printed
1766 590 1812 616 as

254 652 476 704 Appendix
496 652 529 697 I,
549 664 617 702 pp.
642 661 688 699 17
695 661 785 700 3—5.
845 650 914 687 No
934 647 1179 698 manuscript
1199 648 1246 686 of
1259 645 1338 685 this
1359 653 1441 685 text
1459 644 1493 683 is
1512 645 1670 684 known.

791 750 892 787 THE
919 750 1114 787 Tascius
1141 748 1275 786 TEx‘r.

311 841 365 879 In
389 843 545 891 1516—1
555 851 574 889 7
589 837 826 878 Franciscus
839 837 1015 886 Taegius
1031 835 1248 886 published
1264 835 1306 873 in
1320 847 1344 873 a
1363 832 1577 873 collection
1593 835 1639 874 of
1647 834 1812 885 gnomic

259 908 424 952 authors
444 920 468 945 a
488 919 576 945 new
594 910 872 955 arrangement
893 903 939 941 of
953 903 1022 940 the
1043 903 1263 941 Secretum..
1305 901 1397 939 The
1416 899 1524 939 work
1543 900 1576 939 is
1596 903 1814 952 extremely

256 986 344 1012 rare
364 973 446 1011 and
467 973 487 1011 Ι
509 973 611 1010 have
630 971 735 1010 been
755 969 904 1008 unable
924 977 967 1007 to
987 981 1054 1007 see
1073 981 1097 1006 a
1116 980 1234 1017 copy,
1254 966 1327 1005 but
1353 980 1406 1005 an
1428 973 1605 1005 account
1633 967 1680 1005 of
1685 966 1733 1006 .it
1750 967 1815 1022 'by

256 1039 494 1078 Franciscus
509 1038 677 1077 Storella
689 1036 732 1074 in
746 1036 815 1074 the
832 1046 932 1085 1555
953 1032 1107 1073 edition
1120 1034 1166 1071 of
1180 1034 1249 1072 the
1262 1033 1456 1072 secretum
1470 1046 1561 1083 may
1576 1033 1628 1071 be
1643 1028 1810 1084 quoted.¹

315 1125 423 1163 Illud
461 1125 582 1163 etiam
620 1124 699 1161 hoc
737 1123 778 1160 in
817 1122 908 1159 loco
946 1120 1296 1170 praemonendum
1334 1132 1422 1157 esse
1461 1117 1648 1158 ducimus
1699 1120 1812 1170 quod

258 1178 406 1218 Ticinii
445 1179 556 1225 liber,
590 1177 663 1228 qui
697 1185 895 1215 secretum
925 1183 1169 1214 secretorum
1202 1173 1430 1213 Aristotelis
1463 1172 1702 1222 inscribitur,
1736 1175 1812 1213 fuit

258 1247 447 1273 excussus
466 1248 490 1272 a
510 1231 712 1293 praesenti
730 1240 867 1270 tamen
885 1231 1005 1280 longe
1025 1230 1092 1268 div
1095 1242 1216 1277 ersus,
1237 1229 1339 1268 liber
1358 1229 1558 1279 siquidem
1579 1229 1672 1268 ille
1661 1242 1702 1267 m
1718 1229 1812 1268 treis

257 1298 389 1340 partes
423 1298 484 1328 est
515 1288 673 1331 scissus,
702 1287 743 1324 in
777 1285 936 1336 quibus,
956 1261 1097 1323 t’tribus
1135 1285 1352 1323 Alexandri
1391 1283 1729 1334 postulationibus
1766 1285 1814 1323 fit

258 1343 364 1391 satis,
391 1343 430 1381 in
458 1343 586 1394 prima
613 1342 740 1393 agitur
764 1342 816 1380 de
844 1340 1143 1379 immortalitate
1166 1338 1336 1377 animae.
1363 1337 1406 1376 in
1429 1339 1609 1378 secunda
1637 1339 1690 1378 de
1718 1352 1814 1378 con-

257 1400 483 1437 servatione
517 1397 709 1442 sanitatis,
744 1395 786 1434 in
820 1395 934 1434 tertia
971 1407 1066 1434 vero
1104 1395 1157 1433 de
1195 1393 1388 1445 regimine
1426 1392 1668 1444 principum,
1705 1395 1812 1434 duae

258 1455 498 1504 posteriores
532 1462 664 1503 partes
696 1465 744 1490 ex
778 1449 979 1502 praesenti
1014 1449 1220 1488 volumine
1255 1457 1348 1487 sunt
1382 1457 1603 1508 excerptae,
1632 1448 1811 1500 capitum

258 1519 394 1546 tamen
415 1509 568 1546 ordine
588 1520 635 1546 ac
655 1506 785 1545 verbis
804 1504 1009 1544 nonnullis
1037 1504 1268 1551 immutatis,
1297 1503 1519 1542 sententiae
1548 1511 1685 1543 tamen
1709 1503 1811 1542 nihil

258 1564 341 1602 sere
360 1573 421 1601 est
440 1562 483 1601 in
502 1562 590 1609 illis,
612 1562 724 1612 quod
745 1575 793 1600 ex
812 1559 1011 1611 praesenti
1035 1573 1120 1598 non
1146 1558 1264 1597 fuerit
1286 1558 1546 1597 abstractum.
1602 1560 1657 1597 At
1682 1558 1813 1610 prima

258 1617 301 1656 in
321 1619 399 1656 hoc
420 1617 586 1656 minime
605 1617 786 1662 habetur,
809 1629 861 1654 ne
880 1615 1015 1665 itaque
1036 1615 1206 1665 cupidus
1226 1615 1352 1653 lector
1371 1626 1419 1652 ex
1438 1622 1682 1653 secretorum
1702 1615 1813 1652 volu·

258 1674 369 1711 mine
388 1674 430 1710 in
450 1673 526 1710 hac
547 1673 725 1711 editione
744 1670 898 1720 aliquid
918 1670 1129 1714 desideret,
1153 1669 1265 1719 quod
1294 1682 1370 1719 ego
1401 1677 1601 1719 praestare
1629 1681 1809 1720 possum,

259 1729 368 1765 illam
406 1727 472 1765 hic
506 1727 703 1787 subjicere
736 1724 906 1772 decrevi,
935 1738 1065 1775 eoque
1099 1723 1301 1771 libentius,
1332 1724 1444 1774 quod
1472 1732 1512 1762 et
1546 1723 1740 1763 brevitate
1770 1733 1811 1764 et

260 1782 430 1821 utilitate
445 1781 618 1819 maxima
638 1791 698 1820 est
718 1781 870 1827 referta,
893 1789 952 1818 est
972 1787 1106 1818 autem
1128 1779 1361 1823 tractatulus
1382 1779 1448 1817 ille
1468 1777 1726 1840 subscriptus.

315 1837 353 1876 Ο
383 1837 611 1875 Alexander
640 1837 681 1874 in
705 1835 873 1886 epistola
899 1843 968 1873 tua
990 1834 1155 1885 petebas
1178 1847 1202 1872 a
1226 1847 1291 1872 me
1317 1833 1414 1872 tria:
1444 1846 1519 1884 ego
1544 1834 1712 1884 cupiens
1737 1832 1811 1873 tibi

258 1905 414 1930 morem
441 1904 589 1942 gerere,
614 1892 745 1942 primo
776 1889 908 1928 dicam
943 1891 995 1928 de
1023 1888 1147 1927 animi
1174 1889 1432 1928 aeternitate:
1461 1896 1602 1939 postea
1630 1889 1683 1927 de
1710 1887 1809 1928 aliis.

261 1923 464 1985 Socrate?
482 1959 602 1996 saepe
636 1959 728 1984 cum
763 1944 969 1995 discipulis
1000 1945 1052 1983 de
1083 1945 1161 1983 hoc
1191 1943 1442 1994 loquebatur,
1482 1942 1703 2005 castigabat
1739 1956 1811 1983 eos

260 2014 503 2051 magnopere
523 2001 634 2051 quod
654 2000 845 2039 dicebant
863 2001 1017 2038 animas
1041 1998 1141 2037 mori
1170 2012 1263 2037 cum
1293 2011 1471 2049 corpore,
1502 1997 1597 2049 quia
1625 1998 1684 2037 sic
1711 1998 1813 2038 boni

261 2066 301 2094 et
322 2057 415 2094 mali
436 2069 550 2106 pares
578 2066 711 2094 essent
734 2063 826 2106 post
850 2064 1043 2099 mortem„
1062 2063 1101 2093 et
1125 2054 1330 2092 tolleretur
1352 2052 1483 2092 omnis
1509 2052 1611 2092 ratio
1635 2052 1810 2092 vivendi.

261 2111 329 2149 Ad
358 2110 457 2161 quid
487 2111 630 2149 sudare
659 2110 713 2148 ob
744 2111 907 2148 virtutes
936 2117 976 2148 et
1004 2108 1268 2159 speculativas
1297 2107 1812 2158 scientias-acquirendas?

261 2166 371 2203 unde
391 2164 545 2215 opinari
573 2164 751 2203 animam
780 2164 1013 2202 rationalem
1044 2176 1131 2202 esse
1160 2163 1369 2201 mortalem
1399 2171 1459 2201 est
1487 2175 1608 2201 causa
1627 2164 1812 2202 omnium

261 2221 459 2258 malorum
497 2219 766 2257 evenientium
796 2218 1046 2264 mortalibus,
1082 2217 1123 2256 in
1153 2218 1373 2256 Phaedone
1401 2216 1556 2256 dictum
1593 2225 1667 2263 aet,
1697 2219 1811 2268 quod

264 2275 447 2312 Socrates
467 2273 812 2323 conquaerebatur
831 2274 1007 2310 animam
1029 2273 1069 2310 in
1090 2285 1257 2322 corpore
1277 2272 1488 2322 sepultam,
1504 2284 1553 2310 ac
1567 2271 1624 2310 ibi
1639 2272 1812 2311 detineri

263 2338 456 2379 tanquam
477 2327 518 2366 in
539 2340 707 2374 carcere,
733 2336 773 2366 et
799 2327 1027 2366 adducebat
1053 2336 1167 2365 vetus
1193 2326 1293 2365 illud
1319 2325 1521 2376 eulogium
1549 2339 1632 2376 quo
1651 2325 1812 2366 dicitur.

265 2384 315 2421 In
334 2395 491 2421 carcere
511 2383 689 2432 quodam
710 2381 858 2420 fuimus
878 2391 1092 2431 postquam
1114 2382 1308 2419 venimus.
1367 2381 1469 2419 Ideo
1487 2393 1633 2431 corpus
1653 2382 1813 2432 spleum

256 2437 497 2488 appellabat,
531 2445 570 2474 et
600 2437 870 2487 Empedocles
901 2445 1072 2482 antrum,
1104 2445 1144 2474 et
1174 2435 1334 2474 animae
1367 2436 1461 2473 hinc
1494 2435 1803 2485 profectionem,

262 2505 438 2530 nexuum
460 2491 716 2535 solutionem,
746 2504 793 2529 ac
822 2490 922 2540 splei
951 2491 1085 2540 sugam
1115 2490 1258 2529 aiebat.
1317 2490 1369 2528 Et
1398 2489 1584 2528 Axiocho
1612 2491 1810 2530 laboranti

264 2546 387 2585 suasit
411 2547 593 2584 Socrates
617 2559 667 2584 ne
693 2547 850 2584 timeret
881 2553 1050 2583 mortem
1078 2554 1240 2595 propter
1266 2546 1425 2583 animae
1454 2544 1809 2593 immortalitatem,

264 2614 367 2650 quae
405 2609 496 2651 post
533 2600 683 2638 exitum
721 2600 773 2638 ab
812 2601 891 2638 hoc
925 2600 1081 2637 mortali
1113 2612 1280 2649 corpore
1312 2598 1552 2650 praemiatur
1584 2601 1809 2639 secundum

264 2656 405 2694 merita
432 2655 537 2697 adeo
556 2655 667 2704 quod
687 2654 892 2692 Axiochus
913 2667 960 2693 ex
979 2655 1016 2692 vi
1037 2654 1249 2692 verborum
1270 2666 1432 2692 suorum
1453 2653 1561 2704 prius
1589 2653 1810 2694 formidans
1878 2676 1886 2681 ·

264 2719 448 2755 mortem,
469 2722 518 2748 ac
537 2710 751 2759 deplorans
771 2722 813 2747 se
832 2708 975 2758 privari
995 2709 1056 2746 his
1076 2707 1206 2754 bonis,
1225 2709 1307 2758 jam
1329 2717 1498 2747 mortem
1522 2717 1740 2759 exoptaret,
1764 2718 1810 2748 ut

264 2777 338 2804 sua
355 2765 491 2803 a'nima
509 2777 558 2804 ex
572 2764 650 2803 hoc
663 2776 820 2803 carcere
832 2763 1074 2802 liberaretur.
1132 2763 1277 2814 Neque
1292 2771 1352 2802 est
1367 2775 1504 2802 verum
1521 2771 1564 2802 ut
1579 2764 1620 2802 in
1635 2763 1812 2804 Thimeo
