1908 3126
0 0 6 193 l
818 138 868 178 15

2 226 4 233 ,
98 246 156 277 est
185 237 399 288 disposicio
430 238 630 276 stellarum
662 238 700 274 in
729 238 853 275 forma
886 239 1055 277 duorum
1085 241 1275 289 juvenum
1306 243 1577 291 gemellorum.

2 305 5 329 ¹
100 303 150 341 Et
170 302 225 341 sic
255 303 306 341 de
336 301 524 341 omnibus
555 301 640 340 aliis
671 302 847 352 partibus
879 304 1041 353 zodiaci,
1064 319 1142 355 que
1172 314 1263 344 sunt
1293 307 1506 345 duodecim
1542 309 1578 344 in

833 368 1028 416 universo,
1060 379 1098 409 et
1128 379 1319 410 vocantur
1347 371 1458 422 signa
1488 373 1578 422 quia

833 448 902 484 per
939 436 1080 485 figuras
1116 450 1205 475 suas
1242 436 1465 491 significant
1500 438 1579 476 ani-

834 502 949 539 malia
980 509 1017 540 et
1046 502 1239 541 homines.
1304 505 1352 541 Et
1370 503 1579 552 quodlibet

834 566 989 617 signum
1035 568 1155 607 habet
1203 583 1277 618 ‚30.
1324 577 1452 619 partes
1501 583 1578 619 que

832 641 1025 670 vocantur
1051 635 1207 683 graduS,
1235 642 1273 673 et
1303 635 1394 673 ideo
1425 634 1465 672 in
1494 642 1579 673 toto

833 697 997 736 zodiaco
1026 707 1117 737 sunt
1145 699 1329 738 trescenti
1361 700 1574 750 sexaginta,

833 764 926 815 quia
943 765 1160 804 duodecies
1179 779 1254 814 ‚30.
1275 767 1374 804 fiunt
1391 772 1576 808 trescenti

833 830 1045 881 sexaginta.
1127 834 1176 869 Et
1225 832 1392 881 quilibet
1435 833 1579 882 gradus

832 896 1022 935 dividitur
1057 897 1094 934 in
1132 900 1206 935 ,βα
1246 906 1375 948 partes
1411 912 1490 948 que
1525 898 1581 936 di-

832 970 975 1001 cuntur
990 962 1154 1011 minuta,
1174 970 1213 1001 et
1226 963 1436 1013 quodlibet
1454 963 1579 1001 minu-

833 1038 916 1067 tum
944 1028 1133 1067 dividitur
1163 1028 1202 1066 in
1236 1031 1312 1067 ,60.
1342 1036 1471 1080 partes
1502 1043 1580 1079 que

97 1103 288 1135 vocantur
325 1097 513 1143 secunda,
551 1104 589 1134 et
628 1096 838 1146 quodlibet
877 1096 1100 1133 secundum
1140 1095 1180 1133 in
1217 1098 1291 1133 .60.
1334 1104 1462 1145 partes
1502 1109 1580 1146 que

0 1178 1 1212 2
41 1176 77 1209 15
96 1169 286 1201 vocantur
314 1161 445 1200 tercia.
507 1163 558 1200 Et
586 1161 641 1200 sic
666 1161 839 1208 ulterius,
863 1169 1057 1211 quantum
1080 1162 1264 1199 volumus
1292 1160 1331 1198 in
1359 1160 1581 1200 considera-

96 1227 278 1267 cionibus
297 1227 553 1275 astronomie‚
576 1241 646 1278 per
666 1235 814 1277 quarta,
837 1225 986 1276 quinta,
1011 1235 1128 1273 sexta,
1152 1234 1190 1265 et
1211 1228 1324 1265 ultra.

1067 1294 1117 1330 Et
1135 1294 1207 1331 iste
1224 1292 1422 1340 zodiacus,
1438 1292 1505 1342 qui
1523 1301 1579 1331 est

1009 1357 1178 1396 circulus
1214 1357 1255 1395 in
1293 1359 1380 1396 celo
1423 1365 1577 1402 octaVO,

1009 1422 1152 1462 dicitur
1187 1423 1372 1462 zodiacus
1407 1422 1578 1471 mobilis,

1010 1489 1103 1539 quia
1137 1491 1266 1528 celum
1305 1490 1503 1528 stellatum
1541 1490 1579 1526 in

1009 1567 1090 1604 quo
1144 1554 1419 1605 yniaginamur
1473 1555 1579 1592 hunc

1010 1622 1200 1660 circulum
1217 1633 1387 1668 movere,
1404 1627 1463 1659 set
1480 1619 1580 1658 sicut

1009 1686 1235 1738 principalis
1270 1686 1440 1724 circulus
1475 1686 1582 1736 equi-

1009 1752 1198 1792 noccialis
1220 1753 1291 1791 erit
1318 1752 1449 1790 incelo
1471 1765 1580 1790 nono

1009 1820 1221 1870 ymaginan
1235 1820 1310 1857 dus
1326 1826 1456 1869 preter
1468 1817 1578 1855 illuni

1009 1886 1077 1935 qui
1098 1892 1158 1923 est
1178 1884 1218 1922 in
1239 1885 1327 1923 celo
1347 1891 1501 1931 octavo,
1525 1884 1582 1922 sic

1009 1950 1196 1990 zodiacus
1212 1949 1439 2000 principalis
1460 1956 1519 1988 est
1540 1948 1580 1987 in

1009 2018 1096 2055 celo
1127 2029 1236 2055 nono
1267 2023 1305 2054 et
1334 2015 1455 2054 habet
1501 2029 1577 2053 .12.

1010 2083 1122 2134 signa
1153 2090 1192 2120 et
1224 2089 1442 2120 trescentos
1474 2093 1580 2119 sexa-

1006 2149 1115 2199 ginta
1143 2149 1299 2199 gradus,
1331 2145 1424 2197 quia
1453 2147 1582 2196 quod—

97 2218 192 2258 libet
215 2219 267 2258 de
288 2232 364 2257 .12.
388 2217 508 2269 signis
535 2217 667 2257 habet.
693 2231 754 2267 30.
777 2218 932 2268 gradus.
994 2217 1045 2253 Et
1070 2214 1134 2253 hic
1159 2213 1345 2252 zodiacus
1383 2213 1457 2251 celi
1485 2213 1579 2251 noni

97 2283 240 2324 dicitur
272 2283 476 2322 inmobilis
510 2291 549 2322 et
583 2282 868 2334 equinoceialis
903 2283 1000 2333 ejus,
1031 2279 1176 2319 dicitur
1210 2277 1495 2329 equinoccialis
1525 2279 1581 2315 in-

98 2349 267 2398 mobilis,
290 2349 382 2400 quia
403 2350 533 2388 celum
554 2362 727 2400 aqueum
749 2362 831 2388 non
853 2355 1044 2386 movetur.

152 2417 220 2455 Sol
239 2414 356 2466 igitur
379 2414 498 2454 currit
524 2414 565 2452 in
590 2413 726 2453 medio
755 2413 907 2452 zodiaci
931 2411 1137 2462 utriusque
1167 2410 1206 2449 in
1232 2411 1409 2461 quodam
1432 2409 1579 2448 circulo

10 2491 12 2519 ζ
41 2489 80 2523 35
97 2481 164 2532 qui
184 2488 347 2520 vocatur
367 2480 472 2519 linea
501 2479 694 2531 ecliptica,
717 2488 756 2518 et
786 2493 867 2518 non
895 2477 1070 2518 declinat
1090 2477 1141 2516 ab
1169 2490 1226 2523 ea,
1249 2483 1307 2514 set
1335 2474 1401 2513 alii
1422 2476 1580 2526 planete

97 2546 300 2586 declinant
337 2559 431 2597 sepe
461 2554 500 2585 et
528 2546 746 2596 aliquando
775 2553 868 2584 sunt
898 2544 973 2583 sub
1002 2543 1078 2581 illa.
1140 2543 1191 2580 Et
1217 2543 1418 2580 stellatum
1448 2541 1577 2579 celum

98 2620 278 2652 movetur
293 2611 367 2651 sub
388 2610 577 2662 gradibus
597 2610 748 2650 zodiaci
770 2609 844 2649 celi
865 2608 973 2656 noni,
990 2608 1058 2648 i.e.
1076 2606 1206 2658 aquei,
1224 2614 1283 2646 set
1302 2620 1384 2646 non
1402 2605 1477 2645 nisi
1498 2619 1580 2644 uno

96 2679 219 2728 gradu
257 2677 298 2716 in
331 2685 493 2716 centum
523 2676 649 2715 annis.
711 2677 815 2716 Cum
846 2675 911 2714 ille
950 2682 1083 2713 tamen
1124 2672 1310 2712 zodiacus
1349 2671 1423 2711 celi
1461 2671 1578 2722 aquei

66 2748 82 2795 Ἴ·
97 2742 217 2800 habet
237 2750 456 2782 trescentos
477 2744 679 2793 sexaginta
698 2742 843 2793 gradus
864 2740 965 2779 sicut
987 2739 1117 2778 omnis
1132 2738 1302 2777 circulus
1322 2739 1384 2776 vel
1405 2750 1518 2788 spera
1539 2736 1579 2775 in

309 1904 333 1939 iri
346 1915 413 1940 celo

331 1943 443 1966 octavo
