1908 3126
29 340 65 407 q

28 537 54 562 A
67 534 139 561 bath
153 532 176 559 is
189 531 263 558 built

29 569 98 596 with
107 568 171 594 four
184 575 285 596 rooms,

30 604 86 630 like
100 603 149 629 the
163 602 227 628 four
240 609 299 639 seea-

30 647 111 665 sons:
131 636 204 668 cold,
216 635 305 668 tepid,

31 681 126 704 warm‚
136 671 193 697 and
208 670 269 702 dry.

212 739 250 771 75
272 731 302 761 b.

32 949 154 976 Bathers
168 947 271 974 should

30 990 96 1017 stay
108 992 126 1009 a
140 982 223 1009 while

31 1018 58 1044 in
74 1017 145 1044 each
158 1016 185 1044 in
201 1022 276 1047 turn,

33 1235 91 1261 and
107 1239 203 1260 return
217 1233 245 1259 in

34 1269 82 1295 the
96 1277 174 1294 same
188 1277 261 1300 way.

34 1516 97 1541 'l'he
111 1514 165 1541 site
178 1514 210 1540 of
220 1524 236 1540 a

35 1550 105 1576 bath
122 1549 178 1575 and
193 1548 229 1575 its

34 1586 177 1612 furnaces.

38 1728 101 1753 The
115 1737 164 1754 use
179 1727 211 1754 of

37 1763 143 1788 odours
157 1762 183 1788 in
199 1762 246 1788 the

37 1797 118 1823 bath.

222 2002 262 2043 76
279 2013 308 2034 a.

42 2074 240 2108 Sbampooing
253 2075 310 2101 and

41 2109 174 2142 rubbing.

1039 37 1094 90 96

320 162 571 210 paupertas⁷
614 154 880 203 sollicitudo,
927 153 1070 202 timor,
1105 151 1222 192 mala
1265 150 1482 205 cogitacio
1524 157 1567 191 et
1610 150 1809 192 anxietas

320 227 483 268 doloris
506 226 756 279 frequenter
779 224 1040 266 accidentes.
1063 229 1107 263 et
1130 221 1234 262 mali
1260 229 1457 264 eventus.

385 346 634 400 Capitulum
660 347 741 386 .26.
765 344 815 386 de
848 343 1011 392 balneo,
1033 343 1206 391 scilicet,
1229 342 1280 383 de
1311 342 1434 383 modo
1467 340 1745 395 ingrediendi
1771 348 1813 382 et

319 417 518 459 exeundi.
1387 416 1391 418 ·

431 514 627 556 Alneum
652 514 805 567 itaque
828 518 895 553 est
928 525 1064 553 unum
1087 512 1144 552 de
1169 511 1388 552 miraculis
1413 510 1497 564 (vel
1520 509 1814 565 mirabilibus)

429 585 559 639 hujus
579 583 746 633 mundi,
765 583 868 637 quia
885 581 1140 624 edificatum
1160 588 1227 622 est
1244 581 1488 622 secundum
1504 581 1606 622 anni
1624 586 1816 635 quatuor

324 661 539 709 tempora,
576 656 680 710 quia
715 654 923 708 frigidum
966 653 1224 695 attribuitur
1266 651 1432 705 hyemi,
1470 651 1672 705 tepidum
1711 651 1814 703 veri,

323 726 516 785 calidum
551 726 692 777 estati‚
723 726 888 766 siccum
922 730 1186 778 autumpno.
1217 720 1221 777 Ι
1252 723 1323 763 De
1356 735 1531 763 summa
1568 735 1674 776 ergo
1712 735 1814 776 pru-

323 798 480 839 dencia
502 803 567 839 est
591 797 733 838 facere
755 797 799 837 in
821 795 982 836 balneo
1006 800 1199 848 quatuor
1217 793 1470 848 mansiones
1492 792 1730 835 ordinatim
1754 793 1815 834 ita

324 874 372 909 ut
395 868 539 921 prima
561 868 616 909 sit
639 867 810 922 frigida,
833 865 1030 908 secunda
1052 864 1376 918 tepida‚.tercia
1399 863 1556 913 calida,
1579 870 1622 905 et
1655 870 1815 918 quarta

1833 526 1851 558 5

1835 876 1876 899 10

322 939 447 981 sicca.
484 939 544 979 Et
560 952 660 979 curn
676 937 774 992 quis
792 936 962 991 ingredi
976 933 1319 984 voluerit,debet
1334 934 1475 989 primo
1489 934 1816 988 aliquantulum
1833 936 1842 943 ‘

324 1010 367 1051 in
385 1010 529 1064 prima
547 1016 677 1062 stare,
693 1015 736 1049 et
754 1020 913 1062 parum
932 1007 992 1047 ibi
1014 1006 1186 1055 morari,
1203 1006 1364 1046 deinde
1380 1006 1622 1046 secundam
1640 1005 1814 1059 intrare,

324 1088 369 1122 et
402 1094 559 1134 parum
594 1080 654 1121 ibi
689 1079 860 1126 morari,
886 1085 930 1120 et
962 1084 1066 1131 post
1100 1077 1142 1117 in
1175 1076 1359 1118 terciam
1386 1075 1618 1130 parvulam
1643 1090 1814 1118 moram

326 1151 482 1202 facere,
518 1151 759 1206 postmodo
791 1163 896 1190 vero
944 1148 1233 1203 ingrediendo
1275 1153 1481 1200 quartam
1522 1153 1566 1189 et
1613 1147 1816 1189 similiter

326 1221 482 1264 facere.
567 1222 626 1262 Et
668 1234 770 1262 cum
813 1219 1002 1260 voluerit
1044 1219 1179 1267 exire,
1222 1218 1357 1260 debet
1400 1218 1590 1259 eundem
1635 1218 1818 1259 modum

326 1306 508 1342 servare,
533 1292 737 1334 faciendo
761 1291 979 1332 morulam
1004 1290 1045 1330 in
1069 1289 1269 1343 qualibet
1293 1289 1523 1330 mansione
1541 1301 1816 1330 camerarum

326 1378 380 1405 ne
413 1370 545 1404 exeat
579 1378 637 1404 ex
670 1363 810 1403 nimio
842 1361 987 1402 calore
1019 1362 1075 1402 ad
1109 1360 1294 1400 nimium
1323 1359 1471 1413 frigus
1494 1366 1571 1401 aut
1601 1360 1657 1401 de
1683 1360 1818 1401 nimio

326 1435 487 1487 frigore
509 1435 566 1475 ad
590 1434 775 1474 nimium
800 1433 1005 1474 calorem.

392 1505 453 1545 Et
486 1505 543 1545 sit
576 1503 785 1545 balneum
814 1502 1068 1543 edificatum
1102 1502 1144 1541 in
1175 1501 1266 1542 alto
1291 1507 1334 1542 et
1368 1501 1411 1541 in
1433 1500 1530 1541 loco
1553 1508 1752 1552 ventoso,
1774 1508 1818 1544 et

329 1575 493 1616 habeat
516 1574 717 1616 fornaces
741 1587 926 1627 magnas
945 1580 988 1614 et
1013 1573 1125 1613 latas
1145 1572 1380 1613 reddentes
1403 1570 1611 1613 flammas
1635 1571 1760 1622 latas,
1775 1578 1819 1613 et

329 1659 493 1699 aquam
518 1645 709 1686 dulcem.

390 1716 449 1757 Et
483 1717 698 1756 utendum
733 1721 800 1756 est
833 1715 875 1754 in
909 1727 960 1754 co
993 1713 1203 1754 odoribus
1237 1712 1599 1754 convenientibus
1630 1713 1819 1766 tempori

330 1787 539 1840 presenti,
562 1786 770 1826 videlicet
795 1786 836 1825 in
862 1798 963 1824 vere
987 1792 1029 1825 et
1063 1790 1204 1824 estate
1231 1783 1447 1824 utendum
1471 1789 1537 1824 est
1570 1790 1819 1836 temperato

331 1858 482 1908 odore,
505 1856 684 1908 scilicet,
716 1856 948 1910 triplicato·
974 1862 1016 1895 et
1049 1852 1423 1908 quadruplicato.l
1488 1852 1539 1893 In
1572 1860 1821 1907 autumpno

331 1940 435 1967 vero
451 1933 494 1968 et
513 1927 676 1980 hyeme
694 1927 925 1967 fruendum
942 1922 958 1946 2
977 1931 1042 1966 est
1059 1924 1290 1978 duplicato
1307 1923 1334 1964 ²².
1385 1923 1559 1964 Deinde
1576 1924 1820 1965 sedendum

331 2003 398 2038 est
420 2010 551 2051 super
573 1996 726 2038 sedilia
749 1997 874 2049 aquis
899 1995 1087 2037 rosaceis
1115 1994 1120 2044 Ι
1151 1995 1317 2044 inbuta,
1339 2002 1381 2034 ct
1405 2001 1562 2047 postea
1585 2008 1716 2047 super
1736 1993 1819 2035 alia

329 2067 497 2117 sedilia,
521 2075 564 2108 et
598 2072 752 2121 postea
784 2066 916 2107 faciat
947 2060 1009 2106 sev
1026 2072 1198 2117 tergere
1221 2078 1321 2104 cum
1344 2063 1629 2105 linchiamine
1651 2064 1753 2106 albo
1776 2070 1820 2106 et

332 2137 497 2178 mundo
512 2137 568 2177 de
584 2137 674 2177 lino
694 2150 779 2178 una
793 2136 902 2186 vice,
919 2143 963 2176 et
982 2142 1138 2189 postea
1156 2135 1212 2174 de
1227 2134 1314 2174 alio
1332 2135 1417 2175 alia
1436 2135 1530 2175 vice
1551 2149 1559 2184 ;
1583 2141 1818 2189 postquam

330 2207 480 2248 onmia
513 2207 575 2248 ita
609 2206 897 2261 compleverit
930 2211 973 2246 et
1008 2205 1196 2246 delicate
1228 2204 1407 2246 ablutus
1440 2203 1584 2255 fuerit,
1608 2212 1740 2247 exeat
1764 2206 1819 2245 ad

331 2277 438 2318 alias
460 2278 712 2318 mansiones
735 2277 899 2317 statim.
924 2284 966 2316 et
990 2282 1141 2316 utatur
1163 2276 1454 2327 sequentibus
1479 2275 1756 2317 documentis
1777 2281 1820 2316 et

333 2347 584 2401 unguentis.

392 2473 400 2491 ¹
432 2471 645 2519 odorifero,
669 2471 709 2510 id
731 2480 800 2518 est,
825 2471 985 2522 triplum
1007 2471 1068 2509 vel
1089 2469 1359 2520 quadruplum
1378 2484 1384 2506 :
1426 2471 1514 2519 plus
1536 2470 1586 2508 de
1614 2469 1820 2509 odoriferis

332 2528 483 2566 debent
504 2526 600 2577 poni
622 2526 663 2564 in
684 2540 773 2566 vere
795 2534 833 2566 et
854 2533 978 2566 estate
1000 2538 1120 2575 quam
1143 2524 1183 2562 in
1205 2532 1428 2574 autumpno
1451 2531 1489 2562 et
1511 2525 1665 2574 hyeme.

388 2581 401 2601 ‘²
428 2582 661 2620 fovendum.
1160 2580 1172 2600 ⁸
1202 2580 1337 2617 odore.

378 2715 397 2743 3
421 2704 575 2742 Chapter
596 2703 677 2734 lxiii.
702 2702 738 2733 V.

1840 1235 1879 1267 15

1842 1587 1883 1609 20

1842 2288 1884 2319 30
