1908 3126
768 103 847 147 137

71 216 292 251 textorem
331 210 399 249 cui
432 216 560 250 natus
591 215 658 250 est
691 210 733 249 in
766 209 839 249 illa
872 216 1001 249 nocte
1036 209 1160 259 filius,
1193 208 1316 262 cujus
1350 209 1544 262 genesim

71 278 266 333 hospites
304 277 578 332 accepelrunt
613 285 657 319 et
689 279 1002 319 ordinaverunt
1039 278 1132 331 ejus
1166 277 1380 331 planetas.
1444 277 1547 318 Fuit
1572 293 1630 323 103,
1651 286 1681 316 b.

72 361 176 402 ergo
204 347 296 401 ejus
323 348 494 400 genesis
525 348 567 388 in
595 347 769 388 Venere
798 354 842 389 et
870 347 1028 395 Marte,
1050 347 1189 401 gradu
1219 360 1299 388 suo
1327 346 1548 388 existente
1567 357 1777 416 {³5³¹'¹¹¹<¹¹¹“¹‘{1‘x1
1808 399 1825 403 ..

74 416 271 458 Geminis
293 430 393 458 curn
417 416 583 465 Libra,1
608 417 749 457 sidera
772 430 876 457 vero
903 417 1122 458 contraria
1152 423 1196 458 et
1224 416 1417 469 pessima
1442 428 1547 457 non·
1594 399 1710 416 eman
1748 405 1756 416 '
1782 399 1835 421 ‘m'

35 488 178 538 5dum
211 486 386 528 fuerunt
423 493 532 528 orta.
596 486 807 528 Ostendit
842 499 947 539 ergo
984 487 1046 526 cis
1079 486 1251 540 genesis
1288 486 1407 539 quod
1439 499 1548 539 puer
1567 495 1758 534 ωμιευωῑιε
1800 529 1805 536 ,

73 561 165 597 erat
197 554 367 598 futurus
394 556 581 610 sapiens,
605 555 790 604 curialis,
812 555 975 596 velocis
1003 569 1172 605 manus,
1197 555 1299 596 boni
1322 561 1367 596 et
1388 555 1549 607 ydonei
1569 530 1836 560 wffieandeoumy.

72 625 250 675 consilii,
274 633 316 666 et
347 625 596 678 diligendus
626 640 651 665 a
681 626 873 678 regibus.
937 623 1282 666 Occultaverunt
1317 638 1422 678 ergo
1451 623 1549 674 hoc,

73 694 263 753 celantes
286 708 311 735 a
332 701 465 749 patre.
528 694 676 737 Crevit
699 708 802 748 ergo
832 700 962 735 natus
991 694 1033 734 in
1064 694 1370 747 prosperitate,
1393 700 1436 734 et
1459 706 1549 734 cre·
1569 699 1790 759 fglgglcfffihgrffl

0 762 3 813 ζ
75 764 278 806 diderunt
306 778 357 805 ac
387 764 469 805 nisi
492 770 593 805 sunt
621 764 841 817 genitores
871 763 964 817 ejus
996 764 1207 804 instruere
1229 777 1329 804 eum
1352 763 1548 816 aliquam
1790 753 1795 764 ’

0 852 56 875 «ιο
73 842 214 875 artem
244 834 300 875 de
328 834 536 889 operibus
568 833 671 875 suis.
734 831 813 874 Set
842 847 900 874 ex
928 839 1025 874 toto
1055 833 1186 874 nichil
1216 833 1363 887 potuit
1384 846 1441 872 ex
1466 832 1548 873 hiis

74 903 311 945 addiscere.
372 904 671 945 Verberantes
705 909 854 944 autern
890 903 1033 956 ipsum
1067 908 1110 942 et
1144 901 1415 956 flagellantes
1450 915 1546 955 gra-

73 974 261 1022 vissime,
283 980 586 1028 exposuerunt
614 973 758 1027 ipsum
780 972 997 1013 voluntati
1031 985 1117 1013 sue.
1183 971 1414 1012 Inclinavit
1442 984 1547 1024 ergo
1567 979 1741 1006 butsmdied

1 1091 4 1104 ι
73 1057 118 1084 se
140 1043 312 1097 juvenis
334 1044 390 1085 ad
421 1043 625 1085 homines
648 1043 924 1096 possidentes
946 1042 1224 1096 disciplinam
1247 1048 1291 1082 et
1312 1042 1549 1094 adquisivit

1 1107 4 1151 l
74 1114 284 1156 sciencias
307 1120 350 1155 et
373 1114 500 1155 scivit
522 1127 672 1155 cursus
699 1119 742 1154 et
769 1120 970 1167 tempora
996 1112 1305 1166 supercelestia
1334 1118 1378 1152 et
1407 1124 1551 1151 mores

19 1198 55 1230 15
74 1197 124 1225 ac
161 1183 378 1237 regimina
413 1197 580 1237 regum,
611 1190 655 1224 et
687 1182 812 1225 ecce!
857 1181 999 1224 factus
1035 1188 1100 1222 est
1138 1180 1312 1234 bajulus
1353 1181 1466 1234 regis
1509 1186 1552 1220 et
1571 1181 1830 1247 gssjgla}³{ffi¹gjef¹lon

75 1253 326 1294 dominator
348 1266 533 1306 magnus
556 1259 712 1307 potens
733 1252 876 1293 valde.

137 1320 416 1364 Contrarium
450 1323 552 1364 huic
583 1322 743 1364 accidit
776 1336 833 1363 ex
865 1321 1138 1362 mirabilibus
1166 1320 1371 1374 operibus
1398 1326 1442 1360 et
1465 1319 1550 1359 dis-

80 1392 377 1447 posicionibus
398 1393 674 1447 planetarum
694 1400 737 1434 et
751 1392 918 1433 naturis
935 1404 1087 1433 eorum
1107 1391 1149 1432 id
1166 1390 1285 1444 quod
1302 1389 1447 1430 evenit
1476 1388 1479 1442 Ι
1510 1389 1552 1427 in
1576 1402 1636 1433 104
1653 1403 1682 1423 a.

77 1463 251 1504 duobus
282 1463 395 1507 natis
425 1463 538 1517 regis
570 1463 710 1512 Indie‚
737 1462 853 1503 facta
885 1460 1223 1515 comparacione
1254 1459 1309 1500 ad
1343 1458 1551 1512 genesim,
1575 1471 1833 1510 Theaingwnb

20 1546 60 1568 20
79 1539 147 1574 set
169 1531 389 1574 occultum
412 1532 494 1574 fuit
513 1532 616 1586 regi.
681 1531 875 1586 Quando
899 1544 1003 1584 ergo
1025 1530 1159 1572 crevit
1183 1543 1296 1570 unus
1317 1541 1554 1583 puerorum
1573 1507 1708 1533 ‘mmm'

79 1602 263 1644 credidit
296 1616 375 1643 rex
407 1616 508 1643 eum
543 1603 757 1643 instruere
788 1602 1010 1650 scienciis;
1056 1600 1175 1640 misit
1208 1613 1313 1652 ergo
1346 1611 1446 1639 eurn
1480 1611 1556 1651 per

81 1671 254 1714 Indiam
277 1679 320 1713 et
342 1686 419 1727 per
440 1672 548 1713 alias
565 1672 813 1726 provincias
835 1670 1089 1721 honorifice,
1111 1670 1223 1710 sicut
1245 1669 1394 1709 decuit
1417 1667 1553 1708 filium
1575 1676 1712 1736 One¹x5110
1727 1674 1809 1701 could

81 1742 192 1783 tanti
229 1742 355 1795 regis,
390 1749 456 1783 set
493 1741 624 1782 nichil
658 1740 823 1796 profuit
866 1740 1100 1795 diligencia
1136 1739 1284 1793 patris,
1321 1737 1425 1791 quia
1466 1750 1555 1777 non
1575 1719 1621 1738 ”m
1647 1719 1721 1741 ΗΜ

82 1812 225 1865 potuit
248 1811 454 1852 inclinare
476 1812 675 1852 animum
697 1825 824 1852 suum
848 1817 891 1851 et
910 1817 1128 1861 naturam,
1146 1809 1226 1849 nisi
1244 1809 1299 1849 ad
1324 1805 1555 1848 artificium

23 1892 60 1924 ²5
81 1880 246 1922 fabrile.
300 1882 486 1935 Propter
502 1881 622 1935 quod
645 1880 847 1922 turbatus
871 1886 936 1921 est
959 1894 1038 1920 rex
1060 1878 1189 1919 valde
1213 1877 1558 1929 convocavitque
1577 1888 1627 1934 huf
1642 1887 1733 1926 imum
1749 1887 1782 1911 bc

82 1950 305 2005 sapientes
333 1964 486 1992 omnes
515 1951 581 1991 sui
611 1951 746 2004 regni,
772 1950 847 2004 qui
882 1949 1078 2003 requisiti
1111 1961 1264 1989 omnes
1291 1945 1558 1986 conveniunt
1576 1921 1699 1948 amum

83 2022 125 2062 in
146 2021 232 2062 hoc
254 2021 374 2074 quod
397 2020 712 2073 relinqueretur
729 2020 811 2060 hiis
829 2021 884 2061 ad
902 2033 988 2073 que
1005 2025 1159 2059 natura
1176 2016 1298 2070 pueri
1317 2015 1557 2056 reducebat

83 2104 196 2131 eum.
241 2090 428 2131 Factum
450 2096 516 2131 est
543 2103 646 2144 ergo
670 2090 744 2143 ita,
767 2097 810 2131 et
835 2088 1094 2130 multociens
1116 2085 1275 2128 accidit
1298 2085 1396 2125 huic
1419 2083 1560 2124 simile

84 2161 195 2203 sicut
216 2168 282 2202 est
305 2160 411 2201 satis
434 2160 676 2215 cognitum.

24 2285 66 2316 30
147 2264 397 2320 Capitulum
415 2277 447 2304 .1
462 2277 477 2303 ῐ
488 2297 496 2304 ,
513 2264 657 2305 adhuc
677 2264 728 2305 de
750 2265 925 2305 leccione
945 2260 1267 2309 consfflmcimn,
1285 2266 1328 2300 ct
1345 2258 1396 2299 dc
1418 2257 1562 2299 variis

87 2334 286 2377 articulis
305 2348 454 2375 eornm
476 2342 519 2375 et
539 2334 828 2384 consiliorum,
849 2332 942 2373 sive
969 2331 1020 2371 de
1039 2330 1289 2371 consiliario
1308 2327 1499 2382 elzgcudo
1520 2336 1562 2368 et

85 2405 136 2446 de
155 2404 330 2447 consilio
351 2404 395 2445 in
417 2404 618 2445 omnibus
639 2404 804 2458 agendo
825 2410 866 2443 ct
876 2399 1185 2456 perquirendo.

240 2491 511 2542 Alexander,
553 2491 642 2532 noli
680 2498 994 2542 contempnere
1041 2499 1222 2540 parvam
1256 2492 1473 2526 staturam
1518 2484 1560 2523 in
1581 2488 1845 2525 Despi>e¹¹0tw³>e

1580 2535 1642 2552 men
1657 2525 1688 2551 of
1697 2524 1776 2550 small

210 2561 475 2609 hominibus,
518 2569 561 2602 et
614 2574 745 2614 quem
798 2558 957 2599 videris
1010 2557 1189 2609 diligere
1239 2554 1473 2596 scienciam
1515 2560 1694 2594 etstaturc-

0 2660 1 2663 ’
26 2668 76 2714 35·
139 2654 152 2673 ¹'
180 2652 273 2702 quia
293 2655 430 2691 Venus
451 2653 523 2691 fuit
544 2652 583 2690 in
605 2651 796 2699 Geminis,
822 2652 930 2688 Mars
951 2649 990 2686 in
1013 2648 1143 2686 Libra.

0 2712 2 2743 'b
62 2748 64 2750 ’
129 2748 172 2778 3ο
196 2739 348 2778 Chapter
363 2739 477 2770 xcviii.
501 2737 539 2770 V.
