1908 3126
785 95 839 141 95

66 200 331 242 dissolvatur
353 199 394 240 in
420 213 581 252 magna
610 199 871 253 quantitate,
893 200 996 253 quia
1029 200 1184 242 melius
1217 209 1282 243 est
1316 210 1362 243 ut
1396 216 1554 257 corpus

69 270 233 312 habeat
255 270 309 310 de
341 269 606 310 humiditate
637 276 679 310 et
715 269 1043 311 madefaccione
1076 271 1215 312 balnei
1239 285 1373 324 quam
1407 286 1430 312 c
1453 286 1553 314 con·
1612 265 1617 269 ⁴

68 353 206 381 verso.
269 338 442 381 Odores
464 340 648 380 odorare
667 339 957 392 jocundantes
974 340 1167 381 animam
1184 348 1227 382 et
1243 342 1552 383 convenientes

69 409 257 464 tempori
282 410 325 450 in
348 423 437 462 quo
460 417 538 458 est,
561 410 680 450 verbi
697 410 857 462 gracia,
881 411 1065 450 odorare
1088 425 1311 452 racemum
1336 412 1376 453 in
1395 413 1554 465 hyeme

28 480 171 532 5quia
206 479 348 520 calide
386 485 488 521 sunt
531 485 696 528 nature,
741 492 860 519 rosas
896 493 1001 520 vcro
1044 488 1086 521 et
1129 480 1268 522 violas
1316 482 1357 522 in
1401 489 1554 524 estate.

72 549 316 591 Excercere
360 549 580 590 vomitum
623 549 688 589 bis
730 548 799 589 vel
846 556 912 590 ter
955 550 995 589 in
1039 564 1199 600 mense,
1243 559 1286 593 et
1330 553 1371 592 in
1415 559 1553 593 estate

70 619 277 669 maxime,
299 619 402 673 quia
435 619 629 659 vomitus
652 619 790 660 abluit
822 619 1097 661 stomachum
1122 628 1166 662 et
1195 629 1356 675 purgat
1378 636 1402 662 a
1427 623 1554 663 malis

69 688 326 729 humoribus
361 695 403 728 et
441 689 658 741 corruptis
693 688 1043 730 humiditatibus.
1109 690 1224 731 Nam
1259 693 1438 744 quando
1474 693 1554 733 iste

70 750 276 812 corrupte
313 758 495 799 materie
534 758 818 812 expelluntur
855 773 879 799 a
912 760 1157 809 stomacho,
1190 762 1400 802 naturalis
1436 762 1555 803 calor

11 845 50 868 10
68 835 383 882 augmentatur
428 835 470 868 et
521 828 794 869 confortatur
838 829 892 869 ad
946 828 1205 870 alimentum
1251 831 1553 883 digerendum.

69 897 193 950 Rege
215 898 346 952 igitur
369 898 482 938 bene
511 905 634 938 tuum
663 911 824 951 corpus
856 899 890 938 si
924 899 988 939 vis
1020 905 1066 939 ut
1101 901 1266 949 crescit,
1299 907 1340 940 et
1369 901 1553 942 observa

69 980 216 1008 meum
251 967 491 1016 consilium,
535 981 635 1007 cum
670 968 750 1008 hiis
791 968 955 1022 quippe
989 967 1157 1022 magisl
1190 969 1306 1011 valet
1339 972 1550 1012 solacium

67 1044 110 1078 et
133 1037 312 1079 divicias
330 1035 347 1059 2
370 1038 544 1087 habere,
569 1038 861 1078 reverenciam
886 1046 928 1079 et
946 1038 1175 1080 victoriam
1199 1053 1329 1092 super
1352 1041 1551 1081 inimicos

67 1106 303 1161 acquirere,
325 1107 513 1148 delicate
535 1107 694 1156 vivere,
719 1108 917 1149 solaciari
940 1108 981 1148 in
1006 1109 1305 1150 instrumentis
1329 1111 1504 1151 musicis
1523 1110 1550 1159 ³,

10 1193 48 1226 15
66 1177 215 1217 videre
238 1183 281 1218 et
303 1177 511 1218 delectari
530 1178 571 1217 in
591 1177 720 1218 rebus
744 1177 958 1225 formosis
984 1178 1130 1231 legere
1153 1179 1195 1219 in
1220 1179 1336 1220 libris
1359 1179 1548 1222 delecta-

67 1246 243 1299 bilibus,
283 1247 433 1288 audire
474 1247 642 1288 cantica
684 1248 841 1297 leticie,
886 1262 980 1289 esse
1016 1262 1115 1289 cum
1158 1249 1312 1290 amicis
1352 1250 1549 1300 delectis,

67 1317 186 1358 indui
219 1317 485 1371 fulgentibus
522 1325 565 1358 et
600 1318 935 1371 speciosissimis
970 1316 974 1372 Ι
1013 1319 1207 1360 vestibus
1245 1327 1288 1361 et
1323 1321 1548 1363 conferre4

68 1401 165 1428 cum
203 1387 478 1441 sapientibus
516 1389 744 1442 querendo
782 1389 837 1429 de
885 1388 1012 1429 rebus
1048 1390 1267 1443 preteritis
1301 1397 1345 1432 et
1378 1391 1548 1443 futuris,

68 1457 314 1507 confortare
336 1458 521 1499 virtutes
554 1459 807 1511 racionales,
833 1459 897 1499 uti
931 1461 1167 1513 unguentis
1189 1462 1549 1505 convenientibus

11 1543 50 1565 20
67 1528 254 1581 tempori
308 1528 348 1568 in
395 1541 483 1581 quo
535 1542 605 1578 es;
654 1530 734 1570 hec
786 1529 1001 1582 siquidem
1056 1536 1158 1570 sunt
1210 1544 1296 1583 que
1348 1531 1549 1572 homines

68 1597 339 1650 inpinguant.

128 1667 219 1708 Res
240 1680 344 1707 vero
367 1680 453 1720 que
476 1667 641 1709 faciunt
669 1668 950 1716 contrarium,
970 1668 1191 1720 videlicet,
1213 1683 1298 1723 que
1327 1680 1550 1712 macerant

68 1750 228 1791 corpus
267 1744 371 1778 sunt
412 1737 518 1779 hec:
573 1737 815 1779 diminucio
856 1738 939 1779 cibi
978 1746 1021 1779 et
1066 1745 1210 1793 potuS‚
1249 1739 1548 1794 frequentacio

68 1806 294 1848 excercicii
331 1813 376 1847 et
413 1806 587 1857 laboris,
619 1814 735 1849 stare
767 1808 809 1848 in
843 1808 989 1850 calore
1021 1814 1064 1849 et
1096 1809 1202 1858 sole,
1227 1809 1359 1863 longa
1391 1811 1549 1864 vigilia,

0 1892 47 1940 {²⁵
68 1877 281 1918 dormicio
299 1883 399 1917 ante
418 1877 649 1931 prandium
668 1891 799 1933 super
821 1878 956 1919 duros
979 1878 1130 1929 lectos,
1148 1885 1204 1927 et,
1226 1880 1329 1933 quia
1352 1879 1551 1922 caliditas

68 1946 308 2000 impeditur
339 1953 520 2000 propter
551 1947 734 1988 nimiam
768 1948 1080 1989 humiditatem
1114 1963 1200 2002 que
1222 1950 1335 1992 inest
1366 1951 1550 2004 corpori,

69 2017 263 2059 balneari
295 2017 338 2058 in
370 2017 497 2071 aquis
529 2016 776 2071 sulphureis
799 2024 842 2059 et
872 2018 995 2060 salsis
1023 2024 1066 2059 et
1089 2019 1358 2061 dissolutivis
1380 2026 1424 2061 et
1446 2019 1549 2061 cali—

69 2087 276 2136 dissimis,
292 2087 445 2137 fames,
462 2088 642 2141 potacio
658 2086 674 2110 5
695 2088 854 2129 veteris
873 2088 960 2129 vini
984 2089 1092 2142 puri,
1111 2088 1315 2143 frequens
1337 2090 1548 2143 purgacio

29 2191 32 2194 Α
69 2158 248 2206 ventris,
282 2157 521 2198 diminucio
562 2159 787 2211 sanguinis
830 2158 978 2203 nimia.¹
1024 2158 1182 2198 nimius
1215 2173 1316 2199 usus
1364 2159 1546 2210 veneris,

123 2251 130 2269 ¹
161 2249 203 2289 id
223 2257 292 2298 est,
315 2251 497 2289 multum.

7 2296 48 2329 3⁰
120 2305 134 2325 ²
163 2304 324 2352 scilicet,
347 2304 588 2344 necessarias
608 2313 668 2344 set
688 2318 769 2343 non
787 2306 1016 2355 superfluas,
1031 2306 1124 2354 quia
1145 2304 1341 2343 inducunt
1362 2304 1547 2344 sollicitu-

67 2357 202 2398 dinem
224 2359 388 2398 nimiam
405 2360 456 2398 de
472 2359 809 2410 multiplicacione
829 2373 964 2398 earum
981 2367 1019 2398 et
1037 2359 1219 2398 timorem
1236 2373 1287 2398 ne
1301 2361 1543 2407 amittantur,

68 2419 107 2452 et
139 2413 356 2452 maximum
395 2415 575 2453 dolorem
610 2415 661 2453 de
692 2415 917 2460 amissione,
959 2422 996 2452 et
1029 2414 1102 2452 hec
1136 2414 1208 2452 tria
1238 2421 1331 2454 sunt
1360 2413 1542 2464 pessima,

67 2467 168 2507 sicut
189 2476 296 2518 patet
317 2481 364 2507 ex
383 2468 559 2519 capitulo
579 2468 882 2519 quartodecimo
903 2476 941 2507 et
960 2468 1072 2507 istius
1092 2469 1269 2507 secunde
1289 2468 1420 2519 partis.

123 2523 136 2544 ³
166 2524 239 2571 vel,
263 2522 519 2562 musicorum.
751 2524 763 2543 ⁴
793 2522 833 2562 id
855 2531 924 2570 est,
947 2523 1214 2562 confabulare.

9 2567 49 2601 35
121 2577 134 2598 ⁵
165 2576 326 2625 scilicet,
358 2590 501 2628 magna
531 2586 570 2617 et
599 2578 796 2629 frequens,
829 2577 930 2616 sicut
960 2577 1182 2628 expositum
1210 2585 1268 2616 est
1299 2591 1416 2629 supra
1445 2579 1548 2630 capi-

65 2633 150 2671 tulo
170 2646 247 2680 .14.

50 2703 76 2729 ‘⁷
113 2742 155 2762 22
180 2732 333 2772 Chapter
347 2731 418 2763 lxii.
444 2732 480 2764 V.

1574 355 1704 381 l'leasaut
1719 356 1832 383 odours.

1573 561 1668 587 Vomit
1682 560 1762 587 twice
1775 570 1791 586 a

1572 595 1680 622 month.

1572 1119 1692 1152 lndulge
1706 1119 1733 1145 iu

1571 1152 1735 1179 reasonable

1570 1187 1712 1219 pleasures
1726 1187 1757 1214 of
1768 1187 1823 1214 lise.

1569 1330 1607 1361 75
1625 1332 1654 1353 a.

1568 1685 1630 1711 The
1645 1686 1740 1719 things

1568 1719 1659 1746 which
1673 1719 1805 1747 diminish

1568 1753 1614 1779 the
1630 1754 1714 1787 body.

1564 2351 1625 2376 'l'lie
1639 2352 1708 2377 evils
1721 2352 1753 2377 of

1563 2384 1661 2411 riches.
