1908 3126
782 116 858 159 1:30

81 233 158 274 per
180 219 478 274 recepcionem
509 218 738 260 fluminum
769 226 812 260 et
842 232 1068 273 aquarum.
1131 219 1190 260 Et
1224 218 1384 272 poterit
1417 217 1558 259 multa

79 286 310 340 adquirere
336 299 414 339 per
441 286 727 339 prudenciam
749 293 792 328 et
815 299 892 340 per
913 285 1144 327 consilium
1168 298 1254 339 que
1281 298 1368 326 non
1394 285 1558 338 poterit

81 355 242 396 habere
266 368 342 408 per
363 356 614 409 potenciam
639 354 914 397 bellatorum.

140 424 199 466 Et
222 425 264 465 in
289 424 401 466 libro
423 424 650 478 cujusdam
680 425 913 466 Medorum
944 425 1204 466 mandatum
1237 431 1303 465 est
1333 423 1423 466 filio
1453 437 1558 465 suo:
1578 437 1777 476 TheMede’s·

45 517 61 548 5
82 494 177 541 Fili,
194 495 486 536 necessarium
510 502 576 536 est
599 495 676 536 tibi
700 494 861 536 habere
883 495 1115 536 consilium
1133 493 1159 542 ¹,
1182 495 1392 549 quoniam
1410 493 1425 517 ²
1448 507 1559 535 unus
1578 472 1694 532 {grif'⁵e¹
1709 478 1737 498 ω
1751 472 1794 497 ¹¹¹⁵

81 579 125 605 es
148 564 190 605 in
213 564 499 607 hominibus,3
561 563 754 606 Consule
776 578 882 618 ergo
912 565 1033 606 illum
1049 563 1065 586 ⁴
1087 564 1161 618 qui
1184 563 1349 618 poterit
1373 564 1560 605 liberare

80 649 105 675 a
143 641 340 688 potente.
414 634 474 675 Et
516 634 605 674 noli
647 648 823 687 parcere
862 635 1037 675 inimico
1079 642 1144 675 set
1181 635 1224 674 in
1259 640 1479 687 quantum
1515 641 1559 674 et

2 756 4 767 ‚
81 711 473 757 quantumcunque
503 710 546 745 et
572 718 836 757 quocunque
864 705 998 745 modo
1029 704 1216 744 honesto
1245 704 1408 758 poteris
1434 708 1556 744 tuam

1 797 3 832 1
81 774 123 813 in
149 774 245 828 ipso
267 773 495 814 victoriam
520 772 765 822 manifesta,
785 779 828 814 et
852 774 894 814 in
918 773 1116 826 quolibet
1140 780 1353 827 tempore.

25 863 63 886 10
141 841 262 884 Cave
284 841 364 884 tibi
387 857 413 883 a
439 842 644 896 potencia
667 843 843 891 inimici,
867 857 946 884 nec
971 842 1282 884 habundancia
1314 842 1378 883 tui
1408 855 1560 883 sensus
1578 853 1799 899 Alwayshave„

81 913 125 953 in
150 919 226 954 tua
257 912 529 961 credulitate,
553 925 631 953 nec
658 913 849 954 altitudo
876 913 939 954 tui
971 920 1112 954 status
1141 912 1184 953 in
1215 912 1452 966 temetipso
1480 912 1560 952 im-
1578 887 1800 953 gffiggeomffi

81 982 233 1037 pediat
255 982 360 1036 quin
385 995 559 1037 semper
580 995 762 1036 agreges
784 989 862 1024 tuo
884 983 1065 1024 consilio
1088 980 1333 1037 consililum
1356 980 1561 1028 alienum,
1585 995 1642 1027 105
1661 987 1692 1018 b.

81 1051 290 1105 quoniam
323 1050 515 1094 alienum
549 1052 583 1092 si
615 1052 760 1106 placet
793 1059 835 1094 et
865 1052 921 1094 sit
951 1052 1032 1093 tibi
1063 1052 1169 1094 utile
1197 1050 1559 1106 amplectendum

81 1128 148 1163 est
181 1129 223 1162 et
247 1121 536 1175 implendum,
558 1129 602 1163 et
624 1130 751 1163 tuum
778 1135 951 1175 semper
979 1129 1205 1163 remaneat
1235 1134 1367 1175 penes
1395 1127 1452 1161 te.
1516 1120 1561 1162 Si
1582 1130 1852 1169 3vhetheryouta¹<e

26 1207 62 1239 15
82 1204 184 1232 vero
220 1190 472 1245 discrepent
504 1206 530 1233 a
562 1197 640 1233 tuo
674 1191 869 1242 arbitrio,
903 1199 1008 1233 tunc
1044 1198 1110 1232 est
1145 1198 1270 1232 tuum
1306 1189 1562 1232 examinare
1583 1170 1708 1190 “orm

82 1268 127 1302 et
152 1260 443 1308 considerare,
467 1268 510 1302 et
533 1261 568 1302 si
591 1267 659 1302 est
684 1261 993 1315 juvamentum
1018 1269 1061 1302 et
1085 1260 1192 1302 utile
1213 1274 1344 1314 super
1367 1273 1420 1301 eo
1442 1260 1561 1313 quod

82 1330 384 1381 considerasti,
413 1331 678 1386 amplectere
705 1331 862 1385 ipsum,
887 1339 930 1372 et
963 1332 996 1371 si
1025 1337 1090 1372 est
1121 1330 1289 1380 inutile,
1312 1329 1484 1371 abstine
1507 1330 1563 1370 ab

81 1401 249 1442 eodem.

147 1526 395 1580 Capitulum
419 1537 500 1568 .12.
524 1525 576 1567 de
602 1540 781 1567 numero
813 1526 1069 1581 bajulorum,
1091 1532 1134 1566 et
1154 1525 1269 1578 quod
1294 1540 1377 1566 non
1410 1526 1564 1566 consti-

28 1613 67 1634 20
86 1603 240 1637 matur
262 1610 374 1637 nnus
404 1596 518 1637 solus
538 1595 709 1651 bajulus
732 1596 778 1637 z'n
804 1597 1026 1649 regz'vn'ne,
1048 1604 1112 1637 set
1128 1607 1179 1648 .7.
1203 1595 1245 1637 sz'
1262 1594 1426 1649 poterit
1444 1594 1564 1649 fieri,

86 1667 155 1707 vel
181 1672 267 1707 tres
296 1666 359 1706 aa'
388 1666 546 1717 mimas,
577 1671 621 1706 et
648 1665 700 1706 de
731 1665 893 1720 bajulis
921 1664 1189 1720 aperiendis
1225 1664 1490 1719 temptandis
1525 1672 1568 1705 et

81 1736 329 1789 probandis,
361 1743 404 1776 et
433 1735 485 1776 de
511 1735 650 1789 szgm's
680 1735 835 1788 quibus
861 1736 1130 1790 cognoscitur
1155 1749 1212 1776 cm
1241 1734 1342 1775 boni
1367 1748 1423 1775 an
1458 1733 1569 1775 mali

84 1806 177 1847 sint
199 1805 458 1849 consiliarii,

174 1903 349 1946 Ollicite
372 1911 416 1946 et
439 1905 673 1960 diligenter
699 1918 859 1946 moneo
889 1912 934 1946 te
955 1911 998 1945 et
1021 1904 1080 1944 do
1108 1903 1188 1944 tibi
1217 1902 1435 1956 optimum
1462 1914 1563 1942 con·
1585 1913 1732 1972 querIpu
1793 1960 1803 1964 q

30 1993 67 2025 ²5
173 1973 316 2016 silium
349 1977 468 2029 quod
501 1989 727 2030 nunquam
761 1975 1001 2016 constituas
1031 1986 1164 2014 unum
1194 1971 1392 2025 bajulum
1421 1970 1564 2012 solum
1583 1956 1676 2008 &1¹35
1680 1956 1823 2013 igissiiier-

86 2043 130 2083 in
148 2045 356 2098 regimine
375 2044 473 2086 loco
490 2046 568 2098 tui,
582 2046 796 2099 quoniam
815 2044 909 2098 ejus
926 2044 1156 2085 consilium
1174 2048 1324 2095 posset
1342 2041 1565 2081 destruere

88 2120 130 2154 et
154 2127 436 2168 corrumpere
465 2129 647 2170 regnum
678 2122 803 2156 tuum
826 2121 869 2155 et
893 2120 1144 2155 convertere
1173 2111 1373 2153 subditos
1401 2117 1443 2151 et
1466 2124 1564 2165 pro-

89 2195 209 2224 ceres
231 2185 287 2224 ad
316 2197 362 2224 se
388 2191 431 2225 et
461 2183 693 2226 intendere
715 2184 902 2239 propriis
934 2182 1198 2224 utilitatibus
1230 2187 1275 2222 et
1309 2180 1564 2232 excogitare

89 2253 437 2295 declinacionem
480 2253 637 2305 tuamf’
679 2261 722 2295 et
766 2253 905 2294 multa
948 2253 1033 2293 alia
1083 2265 1169 2305 que
1220 2250 1402 2303 longum
1453 2257 1565 2289 esset

31 2339 72 2369 30
91 2337 302 2364 enarrare.
368 2323 415 2365 Si
448 2323 562 2366 forte
594 2337 681 2366 non
715 2329 947 2365 occurrant
980 2321 1059 2363 tibi
1092 2320 1285 2374 quinque
1323 2319 1459 2373 bajuli
1492 2320 1565 2372 qui
1589 2328 1683 2361 1f50u
1696 2333 1801 2355 cannot

89 2393 167 2434 tibi
197 2392 401 2447 placeant
424 2394 511 2434 sint
538 2394 695 2435 saltem
726 2400 812 2434 tres
840 2400 883 2432 et
908 2405 994 2432 non
1018 2391 1172 2440 minus,
1193 2390 1296 2443 quia
1320 2388 1565 2429 maximum
1586 2362 1837 2422 ξὲῗεῄῐζξὲῗῑῗαῗιω

1587 2430 1675 2457 three.

147 2517 153 2534 ¹
186 2517 346 2565 scilicet,
368 2518 550 2558 aliorum.
900 2514 903 2516 ’
936 2517 948 2537 ²
976 2515 1099 2562 aliter,
1122 2514 1224 2565 quia.

144 2574 156 2592 ³
191 2580 229 2611 et
250 2585 353 2611 unus
375 2586 456 2612 non
477 2574 620 2612 sufficit
641 2573 727 2611 sibi.
1058 2571 1071 2589 ⁴
1101 2570 1243 2620 ipsum.

127 2627 156 2655 >⁵
186 2634 239 2674 ut,
262 2627 423 2674 scilicet,
446 2641 611 2678 regnum
632 2628 848 2666 declinaret
869 2639 890 2664 a
911 2633 949 2664 te
971 2632 1008 2663 et
1029 2625 1080 2663 ad
1101 2636 1206 2662 eum.

132 2751 176 2777 '10
199 2746 350 2786 Chapter
369 2757 396 2777 c.
421 2745 456 2776 V.
