1908 3126
815 141 864 180 81

94 247 247 299 calida,
270 249 376 291 ficus
398 265 574 305 quoque
597 260 639 294 et
663 267 793 294 nuces
817 262 860 294 et
884 256 1029 297 vinum
1057 261 1238 301 rubeum
1259 269 1301 303 et
1324 263 1542 316 optimum
1563 279 1571 314 ;

93 322 136 357 et
158 326 388 360 sumantur
410 320 644 362 electuaria
668 322 821 364 calida.
867 324 1110 369 Abstineas
1137 331 1274 371 eciam
1299 346 1323 372 a
1347 332 1572 375 solucione
1590 343 1720 403 egiliiffffle
1733 344 1819 370 medi-

91 388 256 428 ventris
280 395 323 429 et
346 403 370 430 a
396 391 641 431 minucione
672 395 907 446 sanguinis,
931 396 1009 437 nisi
1043 399 1242 441 maxima
1273 409 1401 456 cogat
1425 416 1570 444 neccs-

92 455 212 497 sitas.
275 458 401 499 Tunc
426 467 600 513 oportet
634 469 806 503 mutare
837 478 949 507 aera,
976 467 1018 507 id
1049 475 1129 518 est,
1152 469 1400 521 calefacere,
1433 486 1573 526 neque

55 537 72 568 5
92 525 177 567 cibi
192 527 516 571 habundancia1
534 532 668 571 utaris
689 546 826 586 neque
838 537 1083 587 vene1·is‚ne
1098 539 1285 593 digestio
1303 541 1571 584 debilitetur.

151 595 285 652 Unge
308 605 433 640 tuum
462 614 621 655 corpus
652 609 695 642 et
726 601 830 644 frica
863 609 1098 659 unguentis
1128 612 1308 664 optimis
1340 612 1504 663 calidis,
1528 620 1571 654 ct
1590 621 1770 683 ffiaaessftgse
1784 622 1860 656 body

91 673 214 708 utere
248 669 412 710 balneis
444 672 727 725 temperatis;
762 687 847 714 non
883 684 1009 717 nocet
1046 679 1087 718 in
1120 679 1201 721 hoc
1235 687 1436 735 tempore
1468 697 1570 725 usus

89 739 258 778 veneris
300 752 441 793 neque
476 742 637 782 nimius
678 750 820 785 motus
852 748 1064 800 corporis,
1102 763 1179 790 nec
1219 751 1358 794 multa
1392 755 1569 808 potacio

90 819 229 859 neque
263 809 403 850 multa
436 812 683 853 comestio2
748 813 864 868 Quia
894 816 934 856 in
966 817 1048 858 hoc
1072 826 1274 873 tempore
1303 837 1380 876 pre
1409 823 1569 878 frigore

31 889 72 912 10
89 877 298 918 naturalis
321 879 439 920 calor
462 881 695 936 collilgitur
718 891 761 924 et
786 885 1029 938 ingreditur
1058 889 1266 932 interiora
1293 894 1498 947 corporis,
1527 902 1568 935 et
1589 902 1628 943 65
1648 913 1676 933 a.

90 945 190 987 ideo
208 949 345 989 eciam
366 950 521 992 melior
544 959 609 993 est
633 954 822 1006 digestio
846 956 889 996 in
914 957 1073 1009 hyeme
1092 967 1135 1001 et
1154 962 1351 1004 validior.
1398 964 1449 1004 In
1469 956 1569 1005 vere

89 1021 131 1056 et
154 1024 296 1059 estate
318 1027 470 1061 venter
492 1029 557 1062 est
582 1021 771 1076 frigidus
802 1027 905 1078 quia
937 1027 977 1067 in
1007 1029 1091 1070 hiis
1120 1032 1396 1085 temporibus
1426 1035 1567 1088 aperi-
1588 1042 1822 1110 ffffeenffirffpffio

89 1093 217 1128 untur
239 1090 333 1141 pori
358 1098 536 1145 propter
558 1093 746 1134 calorem
769 1101 813 1136 et
836 1097 1095 1140 diffunditur
1117 1101 1237 1142 calor
1257 1103 1469 1144 naturalis
1492 1119 1568 1157 per
1587 1111 1643 1137 and
1658 1098 1821 1138 &mmet-⁶

88 1169 241 1197 omnes
282 1166 427 1212 partes
461 1163 669 1214 corporis,
705 1171 749 1206 et
780 1174 962 1220 propter
996 1170 1256 1222 parcitatem
1291 1172 1448 1214 caloris
1478 1181 1566 1214 sto-

31 1239 67 1270 15
89 1226 232 1267 machi
256 1229 447 1282 digestio
471 1231 703 1285 inpeditur,
727 1241 771 1274 et
794 1235 999 1278 humores
1024 1247 1373 1282 commoventur.

149 1296 272 1338 Scias
297 1312 402 1352 ergo
425 1300 521 1349 hoc,
549 1309 591 1342 et
617 1303 836 1345 Dominus
860 1313 903 1346 te
926 1316 1161 1350 conservet.
1225 1311 1349 1352 Vale.

149 1388 398 1442 Capz'tulmtz
423 1405 503 1442 ‚14
528 1393 579 1434 de
607 1396 879 1438 custodienda
907 1399 1045 1440 calore
1074 1403 1278 1443 naturali
1304 1411 1347 1444 et
1374 1406 1467 1446 vila
1487 1413 1570 1459 per
1837 1417 1856 1468 1

85 1473 156 1499 res
175 1460 480 1512 conveniente&
504 1464 684 1505 vitando
705 1469 965 1509 contrarias.

92 1533 200 1640 O
230 1535 505 1587 Alexander,
529 1539 643 1581 hanc
667 1542 834 1583 dietam
858 1545 1103 1597 preciosam
1128 1548 1207 1588 tibi
1231 1548 1448 1602 prefixam
1473 1565 1566 1591 cus-
1588 1563 1837 1631 ffisogseetssxgiffou

28 1616 68 1639 20

210 1607 315 1653 todi,
348 1609 595 1650 naturalem
625 1611 814 1652 calorem
850 1618 1176 1658 conservando:
1215 1620 1320 1672 quia
1353 1623 1564 1674 quamdiu
1586 1632 1786 1698 gsvgflrpgffirffi

85 1673 204 1715 calor
246 1677 455 1718 naturalis
497 1685 768 1734 temperatus
811 1684 853 1724 in
895 1684 1076 1727 homine
1123 1693 1477 1742 perseveraverit,
1520 1699 1561 1733 et
1585 1700 1659 1727 heat-

85 1743 325 1788 humiditas
349 1750 530 1790 modum
554 1752 644 1792 sive
668 1766 917 1796 mensuram
940 1770 1026 1797 non
1049 1760 1280 1812 excedens,
1296 1761 1487 1803 reficitur
1505 1778 1562 1804 ex

86 1828 135 1855 ea
159 1815 277 1857 calor
299 1819 523 1870 naturalis,
539 1828 582 1861 et
604 1829 708 1864 tunc
731 1823 849 1865 salus
872 1832 916 1866 et
938 1828 1027 1868 vita
1051 1828 1352 1871 indubitanter
1373 1834 1565 1874 creditur

84 1897 353 1938 permanere,
369 1896 411 1928 et
430 1890 490 1930 sic
507 1891 673 1933 sanitas
689 1893 827 1946 longis
844 1898 1120 1949 temporibus
1144 1901 1402 1942 custoditur.
1449 1903 1564 1944 Nam
1587 1915 1655 1976 tien
1670 1915 1716 1942 die
1729 1916 1837 1967 forope

26 1966 65 1998 ²5
84 1954 255 1996 duobus
280 1958 424 1999 modis
447 1959 714 2002 inveteratur
737 1963 873 2004 homo
891 1979 940 2006 ac
959 1965 1119 2016 deficit,
1138 1983 1226 2011 uno
1244 1971 1383 2012 modo
1401 1972 1565 2014 scilicet
1585 1959 1601 1975 Ο
1627 1955 1682 1976 two
1696 1959 1810 1977 caum&

83 2025 285 2076 naturali,
306 2028 382 2080 qui
405 2029 556 2070 debito
580 2029 715 2072 modo
748 2040 904 2076 nature
931 2035 981 2077 fit
1003 2036 1044 2077 in
1072 2046 1300 2081 senectute
1323 2055 1409 2094 que
1430 2042 1562 2083 vincit
1584 2055 1704 2108 ngtqral,
1718 2054 1746 2081 in
1760 2055 1806 2081 old

82 2100 282 2136 naturam
301 2097 344 2136 in
361 2111 557 2151 corpore,
578 2102 680 2153 quia
705 2103 893 2146 destruit
915 2113 1118 2148 naturam
1138 2115 1181 2148 et
1199 2111 1324 2162 quasi
1340 2111 1562 2154 vinculum
1584 2097 1654 2121 αὔθ’

82 2164 124 2204 in
158 2179 342 2220 corpore
374 2168 571 2211 siccitate
603 2171 791 2214 destruit
824 2182 1080 2218 creaturam.
1145 2178 1250 2220 Alio
1285 2182 1420 2222 modo
1452 2180 1562 2224 ac'ci-
1581 2194 1800 2256 apidentatty

80 2235 261 2283 dentali,
303 2237 468 2278 scilicet
511 2253 568 2279 ex
609 2241 939 2287 infirmitatibus
977 2254 1020 2287 et
1063 2248 1158 2290 aliis
1197 2252 1337 2291 causis
1372 2258 1415 2293 et
1449 2254 1562 2294 curis
1581 2238 1621 2255 5¹⁰
1644 2232 1782 2262 πεδ’ἃο

22 2321 64 2352 30
80 2306 294 2356 pessimis.

137 2398 144 2417 ¹
176 2397 216 2437 id
233 2406 302 2446 est,
319 2399 360 2437 in
379 2400 579 2451 algoribus
601 2404 765 2453 magnis,
790 2405 866 2443 hoc
888 2413 946 2444 est
969 2408 1008 2444 in
1030 2408 1154 2447 nimio
1171 2410 1312 2461 frigore
1332 2420 1370 2451 et
1390 2415 1480 2463 gelu
1502 2423 1561 2453 set

75 2452 119 2502 in
140 2451 292 2503 reliquo
313 2454 465 2503 hyemis
486 2463 666 2506 tempore
687 2458 808 2497 debet
825 2460 949 2498 homo
970 2461 1026 2500 uti
1048 2464 1258 2504 sufficienti
1279 2467 1562 2508 habundancia

78 2509 118 2546 in
157 2506 290 2546 nimiis
324 2508 429 2547 enim
464 2510 664 2560 algoribus
705 2513 887 2552 ebetatur
924 2517 1031 2555 calor
1065 2519 1252 2559 naturalis
1286 2529 1323 2560 et
1361 2521 1563 2572 inpeditur
1583 2534 1664 2569 Keep
1678 2544 1770 2562 warm.

79 2561 248 2613 digestio
262 2562 363 2601 sicut
383 2562 423 2601 in
440 2564 572 2604 nimiis
594 2568 857 2616 caumatibus,
873 2568 913 2608 id
934 2578 1004 2618 est,
1028 2571 1068 2610 in
1086 2580 1265 2624 tempore
1282 2575 1400 2615 nimis
1417 2579 1559 2618 calido.

20 2623 59 2656 35
79 2618 146 2656 Set
162 2623 296 2655 tamen
311 2617 349 2656 in
367 2617 519 2669 reliquo
535 2627 713 2672 tempore
730 2623 883 2673 hyemis
898 2632 1117 2676 temperato
1132 2630 1361 2670 fortificatur
1377 2631 1557 2683 digestio,

79 2669 171 2722 quia
202 2672 299 2710 dicit
329 2674 519 2723 Ypocras,
557 2683 713 2715 ventres
749 2679 788 2716 in
824 2679 966 2728 hyeme
997 2690 1088 2721 sunt
1119 2684 1338 2734 calidiores,
1371 2694 1410 2726 et
1440 2688 1558 2738 hujus

63 2719 238 2772 .'causam
258 2727 327 2765 dat
348 2726 412 2765 hic
433 2728 667 2769 Aristotiles.

129 2781 143 2802 ²
173 2779 252 2819 cibi
273 2781 565 2822 habundancia.

146 2857 208 2880 1590
800 2865 830 2896 G
