1908 3126
784 89 866 132 103

83 200 315 249 preparato
350 201 393 235 et
427 192 666 235 clarificato
702 192 743 232 in
783 192 1032 245 quantitate
1069 191 1202 233 ‘sub’
1237 191 1322 244 .iij.,
1357 197 1400 231 et
1432 191 1563 232 deco—

82 270 242 317 quatur
281 263 337 304 ab
381 264 478 317 igne
522 262 604 304 levi
646 263 787 303 donec
831 261 1100 315 inspissetur.
1196 260 1294 301 Hec
1341 266 1407 301 est
1457 274 1564 314 ergo

82 333 271 387 septima
300 333 529 382 medicina,
552 332 677 386 cujus
708 331 933 385 proprium
957 337 1024 372 est
1053 345 1256 385 reparare
1284 330 1561 371 stomachum

83 410 125 444 et
148 403 299 458 fugare
322 403 650 445 ventositatem.

44 527 62 558 5
139 517 365 559 slIedicina
384 525 535 558 octava
551 515 782 558 emendans
795 522 910 568 epar,
928 522 1141 568 reparans
1156 530 1239 563 cor,
1257 522 1300 555 et
1313 515 1566 568 confortans

80 587 228 629 omnia
251 587 444 629 membra
466 587 687 629 interiora.

168 750 322 791 clavini
340 747 352 771 ¹
388 750 569 803 dragma
593 750 647 798 .i.,
675 756 719 791 et
752 750 1081 804 constringatur
1112 755 1272 796 totum,
1298 754 1341 789 et
1373 748 1562 802 desuper
1579 723 1843 795 {gssertrogggemer

82 826 269 873 ponatur
291 821 346 861 de
373 817 378 874 Ι
408 833 524 873 aqua
546 820 676 868 dulci,
700 821 804 861 ‘sub
824 821 831 836 ’
856 834 925 871 .X.,
950 826 993 862 et
1015 826 1102 861 stet
1126 819 1169 860 in
1194 832 1244 859 ea
1263 819 1406 860 donec
1423 817 1561 860 virtus
1580 800 1698 862 {geif'

26 907 63 930 ιο
81 889 173 943 ejus
210 897 353 931 exeat.
418 889 593 931 Deinde
630 897 794 930 teratur
837 889 992 931 leniter
1028 896 1071 931 et
1109 890 1183 930 diu
1219 895 1261 929 et
1300 888 1481 938 coletur,
1519 896 1562 929 et

81 959 269 1013 desuper
293 966 575 1014 apponantur
597 961 651 1001 de
676 960 805 1001 melle
839 967 1073 1014 preparato
1097 958 1226 1000 ‘sub’
1251 958 1336 1012 .iij.,
1361 964 1404 998 et
1428 958 1561 999 deco-

81 1036 269 1083 quantur
292 1029 376 1070 levi
400 1030 499 1083 igne
521 1031 661 1072 donec
685 1031 944 1085 inspissetur
961 1037 1004 1072 et
1029 1031 1311 1084 ingrossetur.
1379 1029 1477 1069 Hec
1498 1035 1564 1070 est

82 1085 299 1141 medieina
341 1100 666 1154 octava,-cujus
705 1101 952 1154 proprietas
989 1107 1055 1141 est
1097 1100 1330 1141 emendare
1369 1112 1488 1153 epar,
1521 1105 1563 1139 et

81 1183 283 1224 reparare
305 1185 390 1219 cor,
414 1178 455 1212 et
479 1170 728 1212 confortare
750 1171 956 1212 interiora
981 1171 1181 1211 membra
1207 1170 1414 1210 universa.

86 681 374 787 Sumantur
396 681 450 721 de
474 680 741 722 reubarbaro
768 680 929 721 recenti
957 680 1101 721 solido
1124 680 1307 733 dragme
1331 677 1415 732 .iij.,
1439 685 1483 720 et
1505 678 1562 719 de
1581 688 1643 714 The
1657 688 1851 721 eighthmedi-

22 1299 58 1330 15
137 1284 363 1326 Medicina
399 1299 513 1326 nona
542 1292 586 1326 et
616 1285 774 1326 ultima
806 1299 885 1338 que
918 1293 981 1326 est
1009 1285 1123 1339 finis
1155 1286 1349 1325 onmium
1388 1283 1560 1325 medici-

79 1369 254 1406 narum,
276 1355 397 1409 cnjus
417 1355 566 1396 laudes
580 1361 736 1409 patent
756 1356 802 1396 in
825 1355 988 1396 littera.

90 1448 335 1554 Deinde
368 1455 599 1490 sumantur
630 1455 674 1490 et
700 1455 997 1504 aggregentur
1027 1462 1181 1489 omnes
1212 1455 1313 1489 octo
1345 1446 1559 1488 medicine
1580 1459 1642 1486 The
1656 1459 1738 1485 nimh
1752 1460 1808 1486 and

1580 1494 1634 1519 last
1650 1493 1798 1525 medicine,

204 1519 504 1572 precedentes,
542 1525 585 1560 et
627 1519 687 1560 sic
719 1519 801 1560 erit
833 1532 948 1560 nona
981 1525 1025 1559 et
1063 1518 1221 1559 ultima
1264 1517 1480 1558 medicina
1518 1523 1559 1558 et
1580 1527 1672 1554 which
1687 1528 1709 1554 is
1723 1536 1796 1554 com.

79 1585 233 1628 finalis.
297 1588 470 1629 Deinde
500 1594 722 1642 ponantur
759 1589 814 1630 ad
847 1589 1146 1643 quantitatem
1179 1587 1375 1629 omnium
1409 1586 1559 1627 dactili
1579 1562 1819 1622 ἓῗιῗὲῗεῗωιῐὴε

22 1671 61 1693 20
81 1655 221 1697 Indici
266 1664 460 1699 recentes
502 1659 701 1699 mundati
736 1672 761 1699 a
798 1659 945 1712 granis
989 1658 1090 1707 suis,
1126 1670 1317 1711 quorum
1353 1656 1560 1697 interiora

78 1734 181 1768 sunt
212 1734 359 1768 tenera
387 1728 442 1768 ad
474 1728 656 1768 modum
687 1728 865 1770 cerebri.
930 1727 990 1768 Et
1012 1727 1047 1768 si
1071 1740 1158 1768 non
1189 1727 1437 1767 inveniatur
1460 1725 1560 1767 tale.

78 1796 342 1838 dissolvatur
375 1797 417 1837 in
451 1810 566 1850 aqua
600 1797 741 1838 donec
779 1797 1030 1851 egrediatur
1062 1797 1212 1845 virum,
1246 1797 1358 1838 sicut
1394 1795 1557 1836 factum

78 1865 159 1907 fuit
183 1866 224 1907 in
247 1867 467 1920 predictis.
532 1867 707 1908 Deinde
729 1873 1020 1920 congregetur
1043 1873 1188 1907 totum
1213 1865 1255 1906 in
1279 1879 1366 1906 uno
1390 1879 1492 1906 vase
1516 1873 1557 1906 et

77 1933 287 1977 fundatur
317 1938 507 1990 desuper
538 1950 654 1990 aqua
687 1943 832 1978 rosata
865 1934 1084 1977 odorifera
1106 1935 1173 1977 .vi.
1194 1938 1204 1955 ‘
1223 1936 1304 1977 sub
1319 1933 1343 1986 ⁵,
1366 1942 1408 1975 et
1432 1935 1560 1976 deco-

20 2020 58 2052 25
78 2012 237 2059 quatur
274 2008 421 2060 quiete
458 2013 603 2047 totum
640 2007 779 2048 donec
813 2006 1015 2046 videatur
1049 2005 1320 2046 condensari.
1386 2003 1560 2045 Deinde

78 2075 257 2117 tollatur
278 2077 333 2117 ab
358 2077 458 2129 igne
479 2082 522 2117 et
545 2076 795 2117 dimittatur
817 2076 955 2116 donec
979 2073 1174 2128 tepefiat.
1232 2074 1561 2129 Consequenter

78 2152 268 2199 ponatur
301 2146 343 2186 in
376 2159 427 2187 ea
460 2147 514 2187 de
545 2146 717 2200 optima
749 2145 902 2186 ambra
924 2145 1111 2199 dragme
1135 2144 1221 2198 .iij.,
1246 2151 1288 2185 et
1321 2145 1376 2185 de
1409 2157 1559 2184 musco

78 2215 250 2268 optimo
273 2216 454 2270 dragme
479 2215 564 2269 .iij.,
583 2223 626 2257 et
649 2222 870 2268 ponantur
894 2215 935 2255 in
959 2215 1077 2255 dicto
1110 2213 1345 2256 electuario
1368 2214 1422 2255 de
1446 2227 1560 2254 mar—

78 2284 229 2337 garitis
259 2285 371 2326 bene
404 2286 516 2327 tritis
549 2285 745 2326 medium
774 2284 919 2335 ‘sub'‚
951 2291 995 2325 et
1028 2285 1084 2325 de
1117 2283 1295 2338 pulvere
1323 2282 1329 2338 Ι
1356 2282 1554 2337 lapidum
1579 2291 1615 2321 81
1638 2301 1667 2321 a.

18 2366 57 2396 30
77 2355 372 2407 preciosorum
405 2355 528 2396 rubei
558 2354 714 2396 coloris
738 2362 782 2396 et
804 2354 977 2396 celestis
1000 2360 1044 2395 et
1074 2352 1175 2394 flavi
1206 2367 1288 2394 ana
1318 2354 1498 2407 dragma
1522 2353 1556 2394 .i.
1578 2349 1760 2418 ἒξζξιξζῃῇὴ

1578 2418 1708 2452 precious
1721 2424 1827 2452 stenes,

133 2486 143 2505 ¹
174 2486 296 2533 aliter,
319 2487 537 2536 clavregeh.

122 2617 139 2646 7
164 2607 317 2647 Chapter
334 2607 439 2639 lxxiv.
461 2606 496 2638 V.
638 2617 674 2646 17
700 2607 854 2647 Chapter
872 2606 965 2637 lxxv.
988 2606 1024 2637 V.

121 2720 141 2750 8
165 2718 436 2760 constringatur]
454 2719 662 2759 confrigatur
678 2730 758 2750 corr.
778 2718 895 2758 atfoot
911 2719 1041 2759 ospage
