1908 3126
1031 78 1083 107 10

308 183 497 221 fundatus
527 190 598 228 est,
621 189 659 220 et
691 182 813 219 multa
844 180 959 218 turba
990 179 1246 219 dominorum
1276 178 1519 230 judiciorum
1539 178 1797 228 astronomie‚

308 262 429 299 quam
468 250 614 287 Aratus
652 246 917 298 philosophus
957 247 1127 284 multum
1162 245 1377 296 ampliavit.
1435 246 1488 284 Et
1517 246 1592 289 hec
1626 245 1800 284 sciencia

308 314 534 354 considerat
569 327 614 352 ea
646 326 725 363 que
755 319 948 363 app-arent
980 311 1020 350 in
1048 319 1148 350 terra
1181 325 1250 362 per
1274 311 1387 362 signa
1415 311 1455 350 in
1485 311 1726 350 animalibus
1760 319 1800 351 et

308 380 448 419 ceteris
479 378 727 418 terrestribus
757 386 796 417 et
825 376 975 428 aqueis‚
998 385 1037 416 et
1067 390 1136 427 per
1159 391 1206 417 ea
1236 391 1314 428 que
1343 385 1537 428 apparent
1567 378 1608 415 in
1636 391 1738 426 aere,
1761 385 1799 417 et

309 460 379 497 per
400 460 445 484 ea
467 459 545 496 que
565 451 758 495 apparent
779 443 820 481 in
840 443 943 493 igne,
967 442 1129 491 scilicet,
1152 442 1191 481 in
1214 456 1329 494 spera
1348 442 1461 495 ignis,
1484 456 1555 494 per
1575 456 1654 494 que
1673 443 1800 493 philo·
1819 456 1838 488 5

310 511 423 562 sophi
451 511 634 561 judicant
661 511 712 549 de
735 509 878 560 pluviis
906 518 945 548 et
966 509 1094 548 ventis
1115 518 1153 548 et
1181 509 1358 549 siccitate
1382 517 1421 549 et
1448 511 1579 549 calore
1599 517 1639 549 et
1659 508 1802 560 frigore

310 587 347 616 et
370 579 537 615 humore
559 585 596 614 et
618 575 852 626 pestilencia
872 583 910 614 et
938 575 1211 626 putrefacione
1237 575 1337 615 aeris
1364 584 1404 627 et
1431 575 1666 614 animalium
1686 583 1802 615 terre-

310 643 447 681 strium
471 651 509 681 et
529 655 749 692 aqueorum
772 649 810 681 et
837 641 1049 680 hominum
1077 651 1115 681 et
1138 641 1318 680 omnium
1344 641 1585 681 vivencium.
1645 643 1697 680 Et
1717 654 1800 680 non

310 711 440 747 solum
461 709 512 746 de
533 707 609 746 hiis
631 717 690 747 set
711 709 762 747 de
784 707 918 746 multis
938 707 1036 755 aliis,
1053 716 1174 758 atque
1195 707 1321 747 eciam
1345 709 1516 747 multum
1532 708 1637 747 bene
1652 708 1802 747 docent
1862 708 1867 711 ’

310 783 428 825 poete
467 775 518 812 de
558 773 644 821 hiis,
683 782 724 812 ut
758 773 946 825 Virgilius
982 774 1111 824 primo
1146 776 1427 825 Georgicorum,
1457 782 1496 813 et
1528 773 1686 813 Servius
1715 775 1802 824 ejus
1823 786 1864 810 ῐσ

310 848 560 879 comentator
582 848 620 879 et
641 839 747 888 alibi,
771 848 891 891 atque
914 842 1102 880 Lucanus
1122 840 1252 891 primo
1280 848 1318 879 et
1339 848 1451 879 sexto
1472 840 1574 880 libro
1601 841 1800 891 precipue,

310 914 348 945 et
368 905 434 944 alii
456 906 580 944 multi.
640 906 847 945 Avicenna
863 920 956 946 vero
977 915 1107 946 narrat
1121 907 1224 946 libro
1245 907 1492 946 Animalium
1506 907 1618 957 quod
1637 905 1803 957 quidam

311 974 435 1011 homo
465 973 572 1022 apud
604 972 998 1023 Constantinopolim
1025 973 1218 1023 judicavit
1252 974 1303 1012 de
1333 971 1563 1011 mutacione
1592 980 1804 1029 ventorum
1854 979 1865 988 ‘

312 1052 381 1088 per
410 1038 601 1077 hericium
636 1038 704 1089 qui
737 1047 863 1077 certas
897 1039 936 1077 in
967 1053 1009 1078 se
1044 1039 1137 1078 fecit
1170 1038 1419 1078 mutaciones
1447 1045 1542 1077 ante
1571 1037 1802 1077 varietatem

311 1112 532 1143 ventorum.
595 1104 786 1155 Delphini
818 1105 857 1143 in
899 1105 994 1144 mari
1036 1114 1174 1145 contra
1213 1113 1494 1156 tempestatem
1529 1106 1723 1144 recedunt
1752 1105 1804 1144 de
1825 1117 1839 1140 1

312 1171 438 1209 fundo
469 1170 586 1208 maris
621 1172 673 1209 ad
706 1170 969 1221 superficiem,
1003 1180 1040 1210 et
1073 1171 1129 1211 sic
1159 1173 1210 1211 de
1241 1171 1356 1210 variis
1386 1170 1695 1223 proprietatibus
1724 1170 1805 1209 ani-

314 1236 489 1283 malium,
531 1245 569 1275 et
605 1245 685 1274 tam
726 1236 765 1274 in
808 1237 905 1276 mari
944 1251 1067 1288 quam
1100 1238 1139 1276 in
1179 1246 1291 1277 terra.
1353 1239 1405 1276 Et
1434 1238 1564 1288 fragor
1593 1250 1803 1276 nemorum

314 1311 351 1341 et
374 1311 505 1341 tumor
533 1302 701 1341 marium
724 1312 762 1343 et
793 1304 1027 1355 hujusmodi
1052 1313 1143 1343 sunt
1167 1312 1274 1343 certa
1301 1303 1412 1355 signa
1439 1302 1679 1342 mutacionis
1705 1301 1806 1341 aeris

313 1377 351 1408 et
373 1382 502 1407 rerum
524 1368 767 1408 inferiorum.

371 1434 558 1474 Similiter
588 1449 634 1474 ea
664 1449 742 1486 que
769 1445 963 1487 apparent
991 1437 1029 1475 in
1060 1451 1161 1485 aere,
1191 1444 1234 1475 ut
1260 1436 1530 1488 inpressiones
1559 1435 1806 1475 inflammate
1825 1451 1863 1489 2¹

317 1514 386 1540 seu
416 1515 582 1552 vapores
612 1502 848 1541 inflammati
877 1511 919 1542 ut
947 1503 1082 1542 Assub
1111 1504 1335 1543 ascendens
1365 1511 1404 1542 et
1436 1503 1700 1549 descendens,
1727 1515 1806 1553 que

315 1568 454 1618 vulgus
476 1567 662 1606 estimant
683 1569 815 1607 stellas
845 1569 1034 1608 cadentes
1063 1578 1100 1608 et
1130 1570 1435 1617 descendentes,
1458 1577 1497 1608 et
1527 1576 1620 1608 sunt
1639 1580 1807 1619 vapores

316 1634 551 1671 inflammati
573 1647 651 1684 que
672 1634 896 1685 significant
916 1634 1136 1675 siccitatem
1159 1649 1288 1674 rerum
1310 1635 1554 1683 inferiorum,
1577 1634 1678 1674 sicut
1698 1641 1808 1685 patet

317 1713 362 1738 ex
377 1700 456 1738 fine
470 1701 676 1749 Centilogii
689 1702 896 1740 Ptolomei.
944 1703 995 1740 Et
1013 1703 1138 1740 multa
1151 1701 1375 1741 consimilia
1389 1701 1589 1741 luminosa
1602 1708 1641 1740 et
1653 1700 1805 1739 inflam-

316 1773 422 1804 mata
451 1775 643 1816 apparent
674 1766 712 1804 in
744 1766 909 1806 diversis
939 1767 1072 1819 figuris
1106 1769 1157 1807 de
1187 1768 1334 1819 quibus
1369 1767 1594 1807 Aristotiles
1627 1766 1804 1818 loquitur
1827 1783 1843 1806 ι

315 1831 444 1881 primo
478 1832 778 1880 Meffieorormn,
818 1840 860 1872 ut
895 1842 987 1872 sunt
1019 1836 1215 1873 dracones
1246 1835 1432 1874 ardentes
1467 1843 1505 1873 et
1535 1841 1739 1885 serpentes
1769 1839 1808 1872 et

316 1898 531 1947 columpne
563 1907 600 1936 et
631 1898 845 1948 piramides
885 1908 923 1938 et
955 1901 1079 1939 multa
1107 1900 1195 1939 alia.
1255 1900 1394 1939 Eciam
1425 1901 1501 1951 yris
1535 1908 1574 1939 et
1604 1901 1696 1939 halo
1726 1898 1808 1939 sive

317 1963 477 2011 Allileti‚
497 1964 564 2014 qui
592 1973 649 2003 est
672 1964 841 2004 circulus
858 1967 1058 2005 coloratus
1074 1959 1179 2006 circa
1194 1967 1320 2006 solem
1337 1974 1376 2005 et
1397 1967 1533 2004 lunam
1550 1973 1589 2005 et
1605 1967 1749 2014 stellas,
1768 1972 1807 2004 et

317 2029 422 2079 virga
447 2031 786 2080 perpendicularis
814 2033 1001 2080 colorata,
1032 2034 1156 2071 multa
1181 2032 1407 2083 significant
1432 2032 1472 2071 in
1498 2031 1808 2072 alteracionibus
1907 2063 1908 2092 ἶ

291 2094 427 2135 ‚aeris
455 2092 461 2146 Ι
489 2097 539 2134 Et
578 2105 748 2145 comete,
788 2112 866 2148 que
906 2092 1098 2138 vocantur
1137 2099 1249 2138 stelle
1288 2106 1470 2147 comate,·
1502 2097 1846 2148 habundancius3
1906 2100 1908 2148 ξ

318 2159 553 2210 significant,
571 2162 672 2201 sicut
688 2163 861 2203 vidimus
884 2164 1006 2204 nostri
1029 2164 1220 2216 temporis
1240 2172 1459 2216 apparente
1474 2171 1633 2204 cometa
1648 2176 1806 2215 magno,
1862 2199 1874 2209 ,
1906 2174 1908 2186 ·

319 2234 356 2264 et
380 2239 460 2264 non
492 2229 619 2265 solum
647 2229 805 2268 suerunt
829 2231 1085 2270 turbaciones
1111 2230 1212 2269 aeris
1242 2239 1301 2270 set
1332 2229 1542 2269 hominum
1564 2237 1604 2269 et
1623 2229 1806 2270 omnium

319 2290 525 2342 regionum
556 2293 671 2332 nobis
699 2304 896 2343 notarum,
919 2296 987 2347 qui
1017 2298 1200 2347 apparuit
1230 2298 1352 2335 Anno
1384 2295 1551 2335 Domini
1581 2298 1699 2344 1264.
1757 2296 1808 2335 In

320 2356 386 2395 illo
407 2371 514 2396 anno
536 2367 573 2397 et
596 2359 634 2397 in
657 2361 918 2411 sequentibus
935 2363 1093 2401 fuerunt
1116 2362 1288 2401 maxime
1303 2362 1558 2402 turbaciones
1579 2363 1732 2410 mundi,
1753 2361 1807 2400 ita

321 2425 430 2472 quod
463 2425 663 2474 quantitas
703 2435 741 2465 et
772 2428 966 2478 dispersio
997 2428 1198 2468 radiorum
1231 2441 1394 2467 suorum
1426 2427 1499 2467 fuit
1525 2426 1844 2476 ita-horribilis3

322 2490 432 2537 quod
453 2490 587 2529 terruit
609 2504 749 2531 omnes
770 2494 955 2533 homines
977 2507 1094 2544 supra
1120 2495 1299 2533 modum.
1370 2495 1423 2533 Et
1453 2493 1508 2532 hii
1537 2501 1696 2533 comete
1725 2505 1808 2532 non
1861 2494 1871 2506 ’

322 2555 451 2592 solum
492 2557 591 2594 fiunt
631 2570 677 2596 ex
717 2571 862 2609 vapore
897 2559 1146 2598 inflammato
1180 2568 1239 2600 set
1271 2559 1488 2599 sublimato
1521 2573 1592 2611 per
1621 2559 1807 2599 virtutem

320 2619 488 2670 alicujus
520 2623 678 2671 planete
713 2625 773 2662 vel
808 2627 920 2665 stelle
952 2627 1042 2671 fixe,
1079 2639 1247 2677 quarum
1282 2634 1436 2666 motum
1477 2633 1670 2677 sequntur
1707 2625 1810 2665 sicut
1853 2637 1859 2644 ⁴
1902 2628 1908 2670 ζ

375 2729 413 2750 12
437 2721 650 2763 Avicenna}
667 2721 720 2754 lib.
739 2723 806 2754 viii.
827 2733 855 2754 c.
875 2734 906 2762 4.
