1908 3126
192 125 231 165 58
250 124 282 156 b.

14 410 110 436 Leave
123 410 166 436 off
175 409 273 443 eating

16 445 97 471 While
110 453 169 478 you
183 444 241 470 still

14 480 86 505 have
99 488 135 505 an
146 479 283 512 appetite.

13 620 75 646 The
89 619 159 646 evils
173 619 204 645 of

12 653 161 687 repletion.

13 828 103 856 Don’t
115 828 199 856 drink

13 863 97 891 much
110 869 140 890 at
154 863 243 889 meals
256 870 262 895 ;

15 1169 39 1196 if
48 1179 104 1202 you
120 1174 204 1202 must,
218 1169 257 1195 let

15 1204 37 1231 it
51 1204 86 1230 be
99 1213 116 1230 a
129 1203 202 1231 little
215 1203 279 1230 cold

15 1244 111 1265 water.

17 1507 148 1542 Pottage.

17 1837 188 1865 Avicenna's

18 1872 148 1899 doctrine
161 1881 192 1899 as
206 1878 235 1898 to

18 1906 154 1940 drinking
167 1912 196 1933 at

18 1941 115 1968 meals.

200 2167 241 2199 59
259 2168 288 2189 a·

19 2211 113 2251 Drink
126 2213 199 2239 after

18 2252 124 2280 eatxng.

21 2435 51 2460 lf
60 2443 209 2467 necessary
222 2440 251 2460 at

19 2468 101 2495 other
115 2467 205 2500 times,

18 2501 103 2530 drink
115 2511 183 2535 very
196 2502 278 2529 little.

1018 7 1072 49 72

301 114 484 157 calidior
506 121 641 168 atque
670 112 842 168 forlcior
871 120 938 155 est
960 113 1016 154 ad
1040 113 1334 167 digerendum
1357 119 1402 154 et
1425 112 1714 154 molliendum
1737 125 1789 153 ea

301 199 388 239 que
410 191 513 227 sunt
536 184 580 225 in
603 198 668 236 ea,
692 197 745 224 eo
769 184 889 237 quod
918 191 1019 224 sunt
1049 189 1196 237 partes
1225 196 1410 224 carnose
1432 183 1474 223 in
1498 196 1550 224 ea
1575 196 1661 236 que
1689 190 1789 224 sunt

303 255 459 307 calide,
490 268 577 308 que
609 252 850 307 conjuncta
883 260 926 295 et
960 254 1102 295 vicina
1136 258 1203 294 est
1235 253 1355 306 epati
1389 266 1447 294 ex
1484 252 1607 307 cujus
1645 253 1789 294 calore
1819 277 1857 301 v„
1907 303 1908 306 Ἴ

302 326 387 366 cibi
412 322 724 378 decoquntur.1

362 395 423 436 Et
456 395 500 436 in
533 394 808 435 comestione
840 393 975 435 debes
1009 393 1231 434 retrahere
1264 399 1386 434 tuam
1406 406 1613 443 ·manum,
1635 393 1683 446 ,id
1712 400 1790 444 est,

304 479 473 507 cessare
506 479 532 505 a
565 464 837 506 comestione
877 465 984 504 dum
1020 463 1166 505 adhuc
1201 463 1257 504 sit
1289 463 1554 504 comedendi
1588 463 1790 504 voluntas

304 550 378 577 seu
420 535 688 576 desiderium
732 534 1010 575 comedendi.
1095 533 1211 588 Quia
1254 548 1312 574 ex
1353 532 1653 587 superfluitate
1703 534 1789 575 cibi

305 605 585 658 angustiatur
606 611 844 653 stomacus,
867 611 909 644 et
933 610 1087 658 pectus
1111 603 1323 653 similiter,
1339 611 1549 658 gravatur
1565 617 1724 657 corpus
1747 610 1789 644 et

306 675 468 717 leditur
505 674 693 725 animus,
727 680 770 715 et
802 674 925 716 cibus
952 681 1151 715 remanet
1185 675 1228 714 in
1263 673 1397 714 fundo
1432 673 1651 714 stomachi
1683 687 1790 729 pon-

303 747 501 795 derosus,
523 744 767 798 indigestus
790 750 833 785 et
857 744 1049 785 nocivus.

365 815 580 857 Similiter
613 815 810 856 animum
842 821 968 856 tuum
1000 828 1025 854 a
1058 814 1292 867 potacione
1324 827 1438 868 aque
1472 813 1639 855 retine2
1662 828 1792 869 super

305 885 465 936 cibum,
488 883 661 926 donec3
684 884 727 925 in
757 885 1123 926 consuetudinem
1153 884 1247 925 cibi*
1271 885 1447 936 veniat;
1481 884 1583 938 quia
1614 885 1792 938 potacio
1851 933 1860 940 ‘

303 970 418 1010 aque
442 955 599 1010 frigide
621 969 753 1010 super
775 955 922 996 cibum
946 955 1227 996 stomachum
1253 953 1482 1008 refrigerat
1506 961 1548 995 et
1572 955 1792 1009 extinguit

304 1027 453 1080 ignem
492 1032 536 1066 et
571 1025 764 1066 calorem
800 1024 1058 1079 digestionis
1095 1032 1138 1065 et
1174 1025 1322 1066 cibum
1361 1025 1591 1066 confundit
1631 1032 1674 1066 et
1712 1026 1792 1066 im-

305 1097 613 1150 pedimentum
637 1103 821 1148 generat
845 1096 879 1135 si
905 1095 1094 1136 multum
1122 1095 1316 1145 bibatur,
1336 1109 1424 1148 quo
1447 1095 1578 1137 nichil
1602 1096 1794 1137 deterius

305 1166 387 1207 erit
405 1166 579 1221 corpori
594 1166 804 1206 humano.
855 1164 903 1207 Si
919 1180 1025 1219 ergo
1043 1179 1221 1206 necesse
1240 1164 1366 1206 fuerit
1387 1172 1434 1206 ut
1452 1179 1614 1220 aquam
1633 1180 1795 1217 sumaS,

305 1236 374 1277 vel
416 1243 600 1291 propter
633 1236 827 1278 calorem
863 1236 1076 1290 temporis
1111 1235 1180 1277 vel
1218 1235 1411 1276 calorem
1450 1237 1668 1278 stomachi
1701 1237 1794 1278 sive

306 1307 516 1361 corporis,
537 1306 609 1348 vel
640 1307 780 1348 eciam
814 1313 998 1360 propter
1020 1306 1210 1347 calorem
1234 1305 1432 1347 ciborum
1451 1322 1459 1357 3
1475 1305 1491 1328 4
1531 1307 1708 1349 modica
1736 1308 1793 1349 sit

307 1385 350 1419 et
373 1378 487 1418 bene
508 1376 701 1431 frigida.⁵

360 1491 371 1512 ¹
403 1494 660 1531 Pulmentum
683 1492 917 1542 generaliter
937 1491 1105 1530 sumitur
1124 1492 1175 1530 ad
1205 1493 1324 1531 molle
1351 1500 1389 1531 et
1410 1493 1567 1541 durum,
1597 1493 1794 1544 liquidum
1819 1510 1832 1530 2

307 1554 346 1586 et
367 1546 531 1595 siccum,
555 1546 657 1585 sicut
678 1554 786 1597 patet
807 1559 854 1585 ex
875 1548 1086 1597 pulmento
1110 1548 1239 1585 Ysaac
1261 1546 1301 1585 in
1328 1548 1475 1595 Genesi,
1498 1556 1537 1587 et
1558 1549 1635 1588 hoc
1656 1548 1795 1588 dicunt

307 1610 501 1648 auctores,
525 1610 567 1640 ut
589 1601 628 1639 in
650 1601 751 1640 libro
772 1602 1001 1640 Policratiso
1021 1610 1059 1640 et
1081 1601 1120 1639 in
1143 1603 1359 1652 Smaragdo
1381 1611 1418 1641 et
1438 1602 1547 1642 alibi.

363 1656 376 1676 ²
404 1656 573 1695 abstine.
1017 1656 1030 1676 ³
1060 1656 1183 1702 aliter,
1207 1670 1268 1695 ne.

365 1712 377 1731 ‘¹
407 1711 448 1750 id
470 1718 540 1760 est,
564 1719 725 1762 propter
745 1712 1069 1762 assumpcionem
1092 1712 1313 1750 calidorum
1334 1713 1529 1752 ciborum.

364 1767 377 1787 ⁵
410 1768 472 1805 De
510 1766 724 1817 potacione
763 1780 866 1817 aque
902 1774 940 1805 et
981 1766 1062 1804 vini
1101 1780 1219 1817 super
1257 1767 1393 1806 cibum
1435 1769 1532 1807 dum
1573 1768 1797 1808 comeditur
1819 1782 1832 1801 .=

310 1821 488 1860 notabile
509 1829 568 1860 est
589 1823 879 1860 documentum
904 1821 1110 1860 Avicenne
1135 1821 1264 1872 primo
1284 1824 1400 1862 Artis
1426 1823 1627 1861 Medicine.
1699 1825 1795 1863 Vult

308 1875 426 1927 igitur
455 1877 565 1927 quod
593 1877 725 1915 nullus
755 1877 876 1915 debet
908 1885 1045 1927 potare
1075 1890 1192 1927 super
1213 1876 1349 1916 cibum
1381 1886 1420 1917 et
1452 1877 1624 1917 maxime
1644 1878 1794 1928 vinum,

309 1931 402 1982 quia
424 1940 542 1982 potus
563 1930 643 1970 cito
665 1931 855 1982 digeritur
879 1931 918 1969 in
944 1933 1154 1970 stomacho
1178 1939 1216 1971 et
1244 1932 1381 1971 transit
1408 1934 1460 1972 ad
1487 1946 1591 1984 epar,
1621 1941 1660 1972 et
1684 1933 1797 1973 ducit

307 1999 444 2026 secum
478 1994 609 2036 partes
644 1986 723 2025 cibi
758 1999 895 2037 parvas
931 1986 1157 2037 indigestas
1191 1986 1292 2026 sicut
1318 2000 1423 2038 aqua
1453 1989 1624 2039 desuper
1654 1997 1796 2028 terram

307 2054 468 2080 currens
490 2041 601 2080 ducit
631 2055 766 2080 secum
798 2043 979 2092 pulveres
1001 2050 1112 2089 terre,
1135 2050 1173 2081 et
1202 2051 1417 2093 postquam
1448 2044 1533 2103 hee·
1538 2051 1676 2104 partes
1698 2043 1798 2083 indi-

306 2104 417 2146 geste
438 2095 664 2135 transierint
684 2103 922 2142 stomacum‚
946 2110 1154 2147 nunquam
1181 2098 1395 2157 proficiunt
1415 2106 1473 2137 set
1494 2097 1613 2137 nimis
1634 2106 1795 2138 nocent.

309 2152 369 2189 Ex
390 2150 537 2201 quibus
557 2160 796 2201 generantur
817 2152 1004 2190 humores
1018 2152 1193 2202 cotrupti
1210 2160 1249 2192 et
1277 2153 1281 2202 Ι
1308 2152 1448 2191 morbi.
1507 2154 1558 2191 Et
1585 2154 1696 2203 quod
1717 2155 1795 2193 hoc

308 2205 356 2243 sit
377 2207 566 2253 naturale,
590 2213 699 2256 patet
720 2205 761 2244 in
780 2205 1020 2245 animalibus
1045 2207 1182 2256 brutis,
1208 2207 1301 2258 quia
1320 2207 1428 2258 prius
1449 2208 1670 2247 comedunt
1690 2221 1797 2247 com-

308 2261 414 2322 plete
444 2268 482 2299 et
512 2268 651 2311 postea
686 2260 830 2299 bibunt
862 2274 935 2300 suo
965 2268 1156 2312 tempore.
1216 2262 1256 2301 Si
1291 2270 1426 2301 tamen
1462 2262 1501 2300 in
1533 2270 1714 2302 stomaco
1746 2262 1796 2302 sit

307 2314 455 2354 nimius
476 2316 584 2353 calor
604 2328 651 2354 ex
671 2314 813 2365 triplici
829 2328 949 2354 causa
966 2317 1027 2354 vel
1044 2330 1089 2355 ex
1106 2317 1262 2356 duabus
1279 2317 1409 2356 causis
1421 2318 1483 2356 vel
1497 2317 1622 2357 eciam
1638 2319 1689 2357 de
1702 2331 1795 2365 una,
1818 2337 1853 2348 ⁴-

308 2370 359 2409 de
384 2369 530 2419 quibus
554 2370 731 2420 loquitur
751 2370 975 2409 Aristotiles
1005 2372 1080 2410 hic.
1141 2374 1258 2411 Tunc
1286 2373 1509 2411 secundum
1530 2372 1792 2421 Avieennam,

308 2425 431 2463 debet
451 2437 585 2464 versus
606 2426 739 2472 finem,
762 2426 824 2464 vel
846 2426 969 2476 magis
991 2425 1031 2463 in
1052 2427 1142 2474 fine,
1165 2439 1321 2465 sumere
1335 2440 1474 2477 parum
1496 2428 1547 2466 de
1566 2440 1670 2478 aqua
1691 2427 1796 2467 bene

310 2478 451 2530 frigida
483 2487 526 2518 ut
558 2478 641 2518 sitis
674 2481 952 2530 extinguatur3
982 2488 1020 2519 et
1052 2490 1143 2531 post
1178 2483 1317 2520 horam
1347 2482 1571 2532 potandum
1603 2490 1662 2521 est
1694 2482 1796 2522 sicut

309 2547 475 2573 necesse
504 2542 573 2582 est,
598 2535 742 2573 et.hoc
772 2542 842 2582 est,
866 2534 1128 2574 mediocriter.
1190 2538 1256 2575 Set
1276 2538 1529 2575 consuetudo
1557 2544 1595 2575 et
1625 2536 1794 2576 societas

310 2596 467 2627 mutant
489 2589 563 2627 hec
593 2597 632 2627 et
662 2590 908 2640 quandoque
938 2591 1165 2639 necessitas,
1188 2591 1283 2641 quia
1311 2590 1427 2641 pauci
1449 2599 1617 2642 possunt
1647 2591 1795 2631 habere
1814 2607 1866 2642 40·

308 2642 466 2692 copiam
489 2652 606 2693 potus
628 2652 718 2694 post
740 2657 920 2683 mensam
943 2645 1016 2683 nisi
1039 2645 1180 2684 divites
1202 2653 1240 2684 et
1261 2645 1415 2684 domini
1437 2659 1506 2685 sue
1528 2645 1734 2696 potestatis
1756 2656 1793 2685 et

1815 760 1854 781 10
