1908 3126
1020 80 1126 202 ⁶.
1588 0 1906 223 ,11

346 199 573 248 Caplmlmn
596 197 752 234 tercium
773 197 817 234 de
837 195 947 233 dz'ctz's
968 200 1004 233 et
1019 194 1141 244 factes
1158 194 1361 244 falsorum
1392 197 1720 231 malematzcormn
1740 197 1778 229 et

286 267 488 303 demonum

466 363 523 399 Ec
553 362 604 399 de
631 359 790 410 judiciis
811 358 1189 398 'mathematicorum
1210 371 1393 397 verorum
1415 365 1453 397 et
1483 354 1670 408 falsorum
1691 369 1779 407 pos-

303 367 448 508 H
465 434 557 466 sunt
579 425 754 476 intelligi,
775 434 833 464 set
855 439 962 464 nunc
983 424 1322 464 considerandum
1345 432 1403 467 est
1430 425 1481 463 de
1501 436 1640 463 eorum
1660 421 1778 462 dictis

466 501 503 532 et
526 491 638 531 factis
666 506 735 543 per
757 505 835 542 que
852 492 953 530 fiunt
974 492 1109 530 multa.
1154 492 1259 530 Nam
1281 489 1438 540 utrique
1459 495 1628 541 possunt
1647 489 1776 528 facere
1799 497 1817 528 5
1854 482 1860 486 ”

296 560 442 598 multos
473 560 636 597 effectus
668 557 795 606 utiles,
819 557 1006 608 precipue
1031 558 1209 596 humano
1234 555 1401 608 corpori,
1424 563 1462 596 et
1489 569 1560 606 pro
1583 553 1781 606 prosperis

297 624 580 676 promovendis
606 631 643 663 et
672 623 912 674 repellendis
937 623 1112 662 adversis
1140 631 1178 662 et
1206 636 1276 674 pro
1302 620 1661 661 innumerabilibus
1681 619 1782 659 utili·
1888 617 1890 650 l

297 691 443 730 tatibus
474 691 734 741 procurandis
766 698 803 729 et
840 691 951 729 malis
983 689 1255 729 excludendis.
1316 690 1383 729 Set
1418 686 1661 727 matematici
1694 686 1781 725 falsi

294 757 462 796 credunt
484 756 592 806 quod
615 755 750 794 onmia
771 769 849 806 que
870 755 1020 794 faciunt
1050 755 1288 806 contingunt
1319 756 1370 794 de
1398 755 1649 802 necessitate,
1669 764 1784 792 verus

295 823 602 862 mathematicus
629 823 780 860 nullam
810 823 1087 861 necessitatem
1117 820 1241 872 ponit.
1303 822 1406 860 Item
1434 821 1520 859 falsi
1542 816 1783 858 matematici
1806 829 1859 876 10¹

297 896 457 940 propter
479 888 800 927 incredulitatem
823 902 935 927 suam
957 896 995 927 et
1024 901 1195 926 errorem
1221 888 1324 926 circa
1345 900 1391 926 ea
1412 900 1491 937 que
1512 886 1595 924 fieri
1615 890 1783 935 possunt

299 957 338 993 in
370 953 749 993 constellacionibus
779 953 925 992 debitis
955 955 1116 1000 cadunt,
1143 943 1230 992 Dei'
1247 952 1411 1004 judicio,
1438 952 1479 990 in
1507 951 1606 990 alios
1635 962 1785 989 errores
1832 966 1863 994 ,·
1890 963 1891 987 1

299 1020 488 1068 infinitos,
511 1028 548 1058 et
577 1019 806 1058 desiderant
832 1020 1030 1070 adjutoria
1054 1021 1287 1066 demonum,
1311 1026 1349 1057 et
1375 1017 1525 1057 faciunt
1550 1012 1726 1056 carmina
1746 1022 1785 1054 et

1893 1057 1899 1070 .

299 1087 521 1125 karacteres
538 1094 575 1123 et
598 1084 788 1123 sacrificia
806 1086 1027 1124 secundum
1047 1086 1157 1135 quod
1175 1084 1339 1135 quidam
1361 1083 1449 1123 libri
1465 1096 1602 1123 eorum
1624 1080 1787 1134 pessimi
1890 1102 1892 1118 ι

300 1154 458 1198 docent,
483 1164 652 1201 quorum
673 1150 828 1201 aliquos
849 1152 1044 1190 demones
1066 1152 1256 1198 fecerunt,
1279 1157 1317 1189 et
1337 1149 1585 1189 tradiderunt
1605 1146 1787 1200 pessimis
1808 1155 1846 1189 15
1890 1134 1891 1182 l

300 1216 543 1264 hominibus,
568 1225 605 1255 et
634 1230 803 1266 quorum
833 1216 989 1267 aliquos
1021 1216 1095 1267 ipsi
1123 1215 1366 1255 matematici
1393 1217 1572 1255 fecerunt
1596 1213 1787 1254 instinctu
1846 1203 1848 1206 Ι
1890 1205 1892 1208 ‚

301 1292 339 1323 et
368 1281 636 1321 instruccione
663 1283 896 1329 demonum,
920 1290 957 1321 et
982 1296 1052 1333 per
1080 1281 1370 1321 revelacionem
1392 1294 1544 1321 eorum.
1604 1281 1788 1329 Quorum

301 1349 420 1388 etiam
440 1348 596 1398 aliquos
620 1349 744 1386 multa
764 1347 925 1398 pessimi
949 1348 1133 1387 homines
1156 1349 1353 1387 finxerunt
1374 1347 1531 1399 propria
1559 1345 1727 1393 malicia,
1749 1352 1789 1385 et

302 1415 375 1453 illis
406 1414 514 1453 libris
545 1414 606 1452 isti
638 1413 799 1464 pessimi
833 1413 1074 1452 matematici
1101 1413 1301 1465 inponunt
1328 1413 1463 1452 titulos
1492 1411 1716 1452 autenticos
1746 1417 1789 1450 ut

303 1482 398 1519 [lber
417 1481 514 1528 Ade,
537 1488 573 1518 et
602 1481 698 1517 labet
716 1479 921 1530 Δ711035461
950 1481 1044 1518 [Ilm
1063 1480 1293 1528 synlomoms
1317 1488 1355 1519 et
1382 1480 1477 1518 lzbrz
1496 1479 1727 1526 Art'stotzlis,
1750 1483 1789 1516 et
1812 1488 1893 1546 203

303 1547 512 1594 Hermam,
550 1555 587 1584 et
622 1545 789 1584 aliorum
826 1544 1063 1596 sapientum,
1100 1559 1191 1584 cum
1233 1553 1368 1584 tamen
1408 1544 1567 1595 ipsimet
1606 1544 1791 1583 homines
1892 1533 1893 1587 l

304 1611 466 1663 pessimi
489 1612 641 1662 fingunt
665 1613 749 1659 1166,
773 1619 811 1650 et
833 1612 1030 1650 seducunt
1056 1611 1250 1658 homines,
1277 1625 1358 1650 non
1385 1612 1514 1650 solum
1540 1612 1706 1661 juvenes
1733 1615 1793 1663 set
1892 1620 1893 1658 1

308 1679 425 1717 etiam
456 1691 570 1716 senes
595 1686 633 1716 et
661 1677 763 1715 viros
793 1679 980 1726 famosos,
1003 1677 1104 1716 sicut
1135 1678 1174 1716 in
1203 1677 1347 1716 nostris
1372 1676 1620 1728 temporibus
1641 1676 1790 1727 experti
1858 1659 1893 1719 l

309 1757 458 1782 sumus.
519 1745 569 1782 Et
598 1743 770 1782 vidimus
798 1743 992 1783 maximos
1014 1743 1116 1783 viros
1144 1752 1363 1795 occupatos
1388 1743 1428 1782 in
1449 1743 1536 1791 hiis,
1559 1756 1641 1782 non
1661 1743 1791 1782 solum
1892 1736 1893 1781 1

309 1809 473 1848 clericos
495 1817 533 1848 et
553 1809 844 1849 ecclesiasticos
866 1809 980 1857 viros,
1004 1819 1062 1850 set
1084 1810 1282 1860 principes
1299 1809 1590 1861 aliquantulum
1607 1808 1794 1856 literatos,
1815 1817 1852 1855 25

310 1882 347 1914 et
369 1875 466 1914 alios
488 1875 666 1914 similiter
687 1889 852 1926 magnos
873 1877 989 1915 viros.

366 1941 416 1979 Et
438 1940 512 1979 hiis
535 1941 798 1981 matematicis
818 1943 857 1979 in
881 1942 1035 1981 malicia
1058 1955 1127 1980 sua
1154 1932 1365 1992 completis
1384 1948 1577 1993 apparent
1600 1942 1795 1981 demones

309 2006 547 2046 sensibiliter
578 2008 617 2045 in
647 2008 773 2046 forma
804 2009 979 2047 humana
1010 2015 1048 2047 et
1079 2007 1164 2047 aliis
1195 2008 1330 2047 formis
1361 2007 1487 2054 variis,
1519 2014 1558 2047 et
1587 2008 1727 2047 dicunt
1756 2012 1796 2046 et

309 2072 459 2110 faciunt
488 2075 611 2111 multa
636 2073 691 2112 eis
718 2073 926 2121 mirabilia,
947 2075 1170 2113 secundum
1199 2075 1309 2124 quod
1333 2076 1443 2113 Deus
1464 2072 1667 2124 permittit.
1719 2070 1797 2111 Ali-

311 2139 475 2188 quando
495 2147 687 2189 apparent
707 2139 960 2190 ymaginarie,
984 2147 1026 2178 ut
1048 2139 1087 2178 in
1109 2153 1241 2190 ungue
1263 2140 1373 2190 pueri
1393 2128 1553 2190 virginis
1577 2137 1795 2186 carminati,
1816 2154 1856 2189 30
1892 2147 1905 2182 ,ἱ

260 2211 349 2241 „et
397 2203 438 2241 in
477 2204 657 2254 pelvibus
697 2214 735 2244 et
775 2205 950 2253 ensibus,
991 2214 1037 2244 et
1069 2206 1108 2244 in
1151 2207 1306 2256 spatula
1348 2206 1491 2253 arietis,
1530 2203 1536 2258 Ι
1574 2205 1798 2244 secundum

314 2335 531 2373 ostendunt
554 2335 608 2374 eis
631 2337 766 2375 omnia
787 2350 865 2387 que
886 2345 1038 2388 petunt,
1058 2338 1280 2377 secundum
1303 2338 1413 2388 quod
1437 2338 1548 2376 Deus
1568 2335 1770 2387 permittit.

371 2401 493 2439 Unde
524 2401 634 2451 pueri
665 2403 720 2440 sic
752 2402 1008 2454 inspicientes
1038 2417 1099 2442 res
1129 2404 1272 2454 politas
1302 2402 1438 2442 vident
1467 2401 1709 2454 ymaginarie
1738 2414 1798 2442 res

316 2464 456 2503 furtive
485 2473 682 2517 acceptas,
705 2476 743 2506 et
772 2469 824 2508 ad
855 2482 933 2519 que
963 2470 1051 2508 loca
1081 2470 1288 2520 deportate
1318 2476 1420 2516 sunt,
1453 2476 1492 2508 et
1522 2460 1600 2519 que
1629 2481 1799 2519 persone
1817 2481 1855 2518 35

317 2537 627 2579 asportaverunt,
651 2539 689 2571 et
710 2532 765 2572 sic
787 2534 837 2573 de
858 2534 943 2573 aliis
966 2534 1112 2583 multis,
1134 2541 1173 2574 et
1193 2536 1387 2574 demones
1408 2542 1644 2586 apparentes
1665 2533 1799 2573 onmia

318 2595 392 2632 1166
413 2594 488 2634 11115
507 2596 615 2647 prius
636 2600 865 2638 ostendunt.

373 2661 439 2699 Set
469 2661 632 2701 ulterius
661 2665 842 2714 procedit
871 2666 1081 2704 demencia
1116 2665 1459 2705 matematicorum
1492 2667 1681 2705 falsorum
1715 2664 1799 2705 sine
1831 2685 1838 2693 ·
1853 2710 1859 2714 ,

319 2725 566 2775 apparitione
583 2729 815 2776 demonum,
834 2743 908 2769 nec
926 2739 984 2769 est
1000 2745 1061 2769 ars
1079 2745 1152 2770 nec
1169 2740 1320 2779 natura,
1339 2740 1376 2770 et
1393 2733 1466 2771 hec
1483 2739 1575 2770 sunt
1591 2730 1800 2782 purissime
1898 2695 1908 2784 ,1

1855 2784 1857 2788 '
1904 2788 1907 2803 1

315 2270 480 2307 modum
502 2282 639 2308 eorum
662 2271 914 2318 consecratis,
939 2280 977 2310 et
999 2271 1038 2309 in
1059 2271 1200 2310 ceteris
1222 2272 1338 2310 rebus
1360 2271 1518 2322 pollitis,
1541 2279 1580 2310 et
1603 2272 1798 2310 demones
1898 2173 1908 2321 1

1897 2369 1905 2386 V

1893 2855 1905 2924 ἰ’

1841 2996 1905 3126 il
