1908 3126
973 78 1081 122 xviii

247 197 299 236 de
319 195 421 236 libro
442 195 511 247 qui
530 194 688 235 arabice
708 194 852 235 dicitur
872 193 943 233 sirr
962 195 999 233 al
1018 207 1135 241 asrar‚
1159 194 1201 233 id
1228 200 1298 242 est,
1320 200 1517 233 secretum
1545 199 1802 238 secretorum,

248 263 360 313 quod
390 261 494 309 fecit,
522 261 623 301 siout
653 261 746 310 dixi,
769 260 995 299 Aristotiles
1023 259 1288 311 philosophus
1316 261 1548 299 Alexandro
1577 271 1725 310 magno
1753 259 1806 296 de

247 328 518 380 disposicione
556 327 807 379 regiminum,
840 327 883 366 in
918 340 1000 378 quo
1034 326 1291 366 continentur
1324 328 1450 365 multa
1483 326 1642 377 regibus
1680 324 1804 364 utilia.

249 396 343 445 Que
381 395 546 445 quidem
583 395 696 445 jussu
737 392 986 445 imperatoris
1029 392 1089 432 sui
1126 406 1150 431 a
1192 392 1327 432 multis
1374 391 1556 449 quesivit,
1596 386 1665 432 de'
1691 392 1806 441 cujus,

248 462 487 500 invencione
517 459 573 499 sic
602 460 679 499 ait:

306 528 521 578 ‘Egressus
549 540 637 565 sum
663 525 873 577 diligenter
899 525 1098 577 inquirere
1125 526 1235 576 quod
1262 524 1385 563 michi
1411 531 1645 575 preceptum
1669 530 1729 562 est
1754 523 1806 561 ab

249 594 499 644 imperatore,
522 601 561 632 et
584 606 668 631 non
688 592 839 632 cessavi
866 592 1034 632 sollicite
1055 604 1220 643 querere
1240 592 1329 630 loca
1356 598 1395 630 et
1421 592 1571 642 templa
1597 589 1638 628 in
1659 589 1806 640 quibus

249 658 480 709 suspicabar
500 659 833 710 philosophorum
855 672 976 710 opera
999 672 1085 697 esse
1113 666 1152 697 et
1178 657 1429 705 abscondita,
1452 658 1585 696 donec
1607 657 1660 695 ad
1682 656 1808 706 quod-

249 727 343 765 dam
371 727 492 764 altare
519 726 630 776 quod
657 724 733 764 sibi
759 724 1001 764 edificaverit
1030 726 1204 763 Hermes
1231 724 1272 761 in
1299 737 1378 774 que
1402 724 1471 762 Sol
1494 723 1758 762 venerabatur
1784 735 1809 758 a

249 791 505 842 quibusdam,
528 790 665 841 ibique
691 791 826 830 inveni
853 793 1057 842 quendam
1077 790 1206 829 virum
1233 791 1473 840 prudentem
1503 797 1542 828 et
1565 789 1809 840 religiosum.

251 858 363 896 Huic
391 858 544 905 adhesi,
576 856 668 896 huic
699 859 854 908 placere
884 857 1031 906 studui,
1063 865 1102 896 et
1130 855 1261 895 verbis
1291 855 1531 895 dulcissimis
1561 869 1654 895 eum
1684 855 1804 893 linivi.

251 936 462 973 quousque
478 924 613 961 locum
630 931 827 962 secretum
849 922 947 961 mihi
962 924 1165 973 detegeret
1182 936 1192 970 ;
1220 923 1263 959 in
1278 935 1360 972 quo
1381 921 1514 961 inveni
1536 923 1649 972 plura
1663 920 1810 972 scripta

250 988 583 1039 philosophorum
612 997 776 1028 secreta.
834 988 980 1039 Ibique
1006 990 1115 1027 hunc
1142 988 1288 1027 librum
1308 982 1438 1027 aureis
1459 987 1595 1026 litteris
1616 988 1810 1038 scriptum

251 1054 398 1104 inveni,
438 1063 477 1094 et
515 1056 571 1094 sic
606 1056 771 1094 invento
804 1055 884 1093 hoc
916 1055 1028 1105 quod
1063 1054 1280 1105 querebam
1313 1067 1406 1092 cum
1448 1053 1596 1105 gaudio
1629 1066 1809 1093 reversus

254 1121 369 1160 sum!

308 1188 432 1237 Quod
470 1188 522 1226 de
559 1201 677 1238 greco
716 1186 756 1225 in
795 1186 1000 1226 arabicum
1041 1188 1288 1234 translatum,
1328 1185 1509 1225 transtuli
1548 1186 1588 1224 in
1627 1184 1808 1224 latinum.

253 1253 462 1305 Possideat
482 1267 576 1304 ergo
596 1253 785 1293 nobilitas
806 1262 936 1293 vestra
955 1255 1033 1293 hoc
1054 1267 1165 1305 opus,
1189 1255 1268 1293 deo
1288 1262 1502 1301 annuente,
1521 1267 1613 1292 cum
1634 1251 1810 1303 corporis

253 1328 432 1359 sanitate.

308 1387 440 1425 There
455 1400 521 1425 are
535 1400 559 1424 a
578 1387 685 1438 large
705 1387 876 1426 number
890 1387 936 1425 of
953 1388 1070 1426 MSS.
1085 1387 1130 1425 of
1145 1385 1223 1425 this
1240 1385 1398 1425 version
1418 1385 1460 1424 in
1481 1385 1603 1434 Paris,
1620 1385 1808 1432 London,

254 1453 333 1491 and
355 1453 578 1492 elsewhere.
1498 1453 1503 1459 ’

676 1606 775 1644 THE
804 1607 1115 1645 TRANSLATION
1147 1617 1200 1645 or
1230 1607 1397 1645 Pium».

310 1713 364 1750 At
380 1724 492 1750 some
512 1709 608 1750 time
628 1709 670 1749 in
690 1711 759 1750 the
775 1711 857 1749 first
878 1711 965 1749 half
979 1712 1024 1750 of
1040 1712 1107 1751 the
1124 1710 1340 1751 thirteenth
1356 1718 1522 1763 century
1536 1725 1560 1751 a
1576 1711 1809 1765 translation

256 1779 302 1817 of
318 1779 384 1817 the
405 1779 542 1828 longer
561 1776 708 1816 Arabic
733 1784 814 1816 text
833 1790 910 1815 was
937 1778 1054 1816 made
1082 1777 1134 1828 by
1154 1791 1177 1816 a
1198 1777 1347 1817 certain
1369 1776 1510 1828 Philip,
1534 1778 1579 1816 of
1600 1778 1732 1817 whom
1753 1791 1811 1817 we

256 1844 374 1882 know
401 1844 580 1894 nothing,
601 1844 661 1882 for
684 1856 735 1881 an
757 1842 1013 1894 Archbishop
1035 1843 1184 1892 Guido,
1205 1844 1251 1882 of
1273 1844 1405 1883 whom
1432 1857 1489 1883 we
1516 1844 1634 1882 know
1654 1841 1812 1895 equally

257 1909 438 1960 nothing.

312 1977 403 2015 The
422 1976 578 2015 earliest
597 1975 827 2027 quotations
849 1977 950 2015 from
971 1975 1049 2015 this
1069 1976 1227 2016 version
1246 1990 1312 2016 are
1333 1984 1374 2016 to
1395 1977 1446 2016 be
1466 1978 1593 2017 found
1614 1977 1655 2016 in
1677 1979 1812 2028 Roger

260 2044 429 2082 Bacon's
456 2042 647 2092 ‘epistola
673 2043 724 2081 de
750 2042 1292 2094 accidentibussenectutis’
1313 2043 1466 2083 written
1496 2044 1675 2083 between
1706 2057 1808 2095 1²43

258 2108 339 2146 and
364 2119 476 2157 1254,
498 2107 692 2158 probably
711 2108 835 2146 about
860 2121 974 2157 1247.
1030 2109 1165 2147 These
1186 2108 1416 2159 quotations
1440 2117 1506 2148 are
1526 2118 1596 2149 not
1616 2110 1718 2148 from
1741 2111 1810 2149 the

259 2181 359 2212 tract
380 2175 423 2211 of
439 2175 646 2223 Johannes
669 2173 933 2224 Hispalensis.
1213 2185 1218 2189 ·

316 2240 354 2277 It
387 2238 419 2277 is
454 2240 605 2288 quoted
639 2239 691 2289 by
713 2239 881 2278 Guibert
915 2241 966 2278 de
995 2240 1172 2278 Tournai
1207 2239 1247 2278 in
1282 2240 1342 2278 his
1370 2241 1561 2278 Eruditio
1588 2242 1743 2291 Regum
1777 2248 1813 2280 et

261 2305 502 2354 Principum,
532 2303 684 2342 written
713 2312 753 2342 at
783 2304 891 2343 Paris
923 2306 1053 2355 ‘apud
1083 2306 1219 2344 fratres
1248 2305 1420 2345 minores
1435 2307 1453 2354 '‚
1491 2307 1670 2346 October
1708 2321 1752 2346 12
1760 2321 1810 2358 59

263 2368 347 2421 (pp.
371 2380 431 2419 57,
456 2371 517 2418 58,
543 2381 603 2419 59³
628 2371 745 2418 66-7,
768 2372 831 2420 69,
855 2382 916 2419 70,
941 2372 1018 2420 76)-

320 2435 357 2472 It
386 2433 418 2472 is
447 2436 530 2473 also
560 2436 705 2472 known
735 2443 775 2473 to
805 2436 993 2474 Albertus
1026 2437 1210 2486 Magnus,
1240 2437 1286 2474 de
1312 2438 1574 2486 Animalibus,
1602 2438 1628 2477 i:
1657 2453 1690 2487 2,
1722 2440 1810 2478 who

263 2509 406 2550 quotes
433 2501 534 2538 from
562 2502 630 2539 the
658 2502 952 2552 Physiognomy
974 2503 1041 2541 the
1068 2510 1173 2552 story
1194 2503 1239 2541 of
1264 2502 1544 2554 Hippocrates,
1565 2506 1646 2543 and
1673 2505 1810 2544 makes

265 2566 412 2604 several
434 2566 547 2603 other
566 2565 761 2604 citations.
820 2568 910 2605 The
930 2569 1022 2606 date
1044 2569 1088 2606 of
1104 2567 1181 2606 this
1202 2569 1308 2607 work
1329 2570 1361 2607 is
1382 2578 1452 2620 put
1479 2578 1519 2608 at
1539 2569 1663 2609 about
1695 2573 1807 2609 1260.

266 2633 304 2669 A
330 2630 540 2680 quotation
565 2644 730 2682 appears
757 2631 798 2670 in
825 2633 892 2671 the
921 2635 1026 2683 early
1053 2642 1257 2672 comment
1284 2648 1336 2673 on
1365 2635 1568 2683 Boethius,
1585 2637 1630 2673 de
1648 2639 1810 2675 consola·
1874 2675 1879 2679 ,

267 2697 366 2734 tione
391 2702 427 2733 et
448 2697 650 2747 dtkctplina
674 2698 889 2748 scolarium,
912 2700 992 2739 and
1015 2700 1055 2738 in
1078 2699 1254 2739 Michael
1274 2701 1379 2748 Scot‚
1401 2702 1446 2739 de
1473 2707 1618 2740 natura
1646 2703 1748 2742 Solis
1775 2710 1812 2741 et
