1908 3126
1043 79 1095 120 26

318 195 491 236 videtur
519 192 803 235 scienciarum
835 192 1155 245 plenitudinem
1191 199 1234 233 et
1272 194 1518 246 graciarum
1557 186 1810 236 contulisse.

322 265 373 305 In
407 270 451 305 te
482 276 674 316 namque
697 262 973 315 reperiuntur
995 268 1250 303 sanctorum
1281 263 1426 318 gracie
1449 263 1675 305 universe:
1713 263 1812 305 Noe

316 333 491 387 justicie
533 339 576 374 et
614 331 836 380 sanctitas,
873 331 1060 373 Abrahe
1101 331 1304 382 fidelitas,
1342 332 1488 374 Ysaac
1530 333 1813 384 confidencia,

319 403 458 456 Jacob
509 403 835 456 longanimitas,
883 402 1034 456 Moysi
1081 402 1354 454 tollerancia,
1396 404 1533 458 J-osue
1582 397 1811 452 stabilitas,

324 474 473 527 Helye
505 473 704 523 devocio,
730 472 915 526 Helysei
948 473 1177 526 perfeccio,
1204 473 1342 514 Davit
1374 473 1634 527 benignitas,
1648 486 1809 514 ‘sensus
1829 484 1847 517 5

321 543 584 595 Salomonis,
599 543 686 596 Job
709 543 945 596 paciencia,
967 543 1146 584 castitas
1166 543 1380 594 Danielis,
1396 543 1531 584 Ysaie
1549 542 1807 594 fecunditas,

320 614 650 669 perseverancia
687 611 924 662 Hieremie,
957 626 1056 653 cum
1093 613 1249 654 ceteris
1286 619 1539 654 sanctorum
1576 611 1812 654 virtutibus

320 685 363 725 in
386 691 461 725 tua
484 683 739 738 plenissime
762 682 965 724 habitant
983 683 1231 724 sanctitate.
1294 683 1457 725 Adhuc
1480 689 1527 724 tu
1551 683 1594 724 in
1617 681 1812 723 scienciis

318 753 571 795 liberalibus
591 752 947 803 litteratissimus,
966 753 1009 793 in
1028 752 1185 794 divinis
1203 759 1247 795 et
1267 753 1504 794 moralibus
1519 751 1810 804 doctissimus,

319 825 361 865 in
385 822 688 865 ecclesiasticis
712 829 755 864 et
778 822 992 876 legalibus
1015 823 1321 877 peritissimus.
1386 823 1494 864 Ideo
1516 822 1701 876 dignum
1730 820 1811 864 fuit
1832 835 1874 860 10

320 900 368 935 ut
395 893 578 935 haberet
604 900 749 934 vestra
779 891 1020 934 clemencia
1049 892 1210 933 librum
1238 893 1456 946 presentis
1480 892 1638 946 operis,
1661 891 1702 931 in
1723 904 1812 945 quo

321 964 409 1005 fere
432 964 487 1005 de
509 963 715 1004 omnibus
738 962 903 1016 aliquid
928 963 1034 1003 utile
1057 963 1321 1004 continetur.

381 1032 495 1075 Cum
532 1032 665 1087 igitur
700 1033 928 1073 vobiscum
968 1046 1109 1073 essem
1148 1034 1268 1086 apud
1305 1031 1602 1082 Antiochiam,
1639 1005 1814 1084 reperta

322 1104 403 1144 hac
422 1103 737 1157 preciosissima
756 1101 1037 1157 philosophie
1055 1104 1308 1157 ma1garita,
1330 1103 1495 1157 placuit
1512 1107 1656 1143 vestre
1672 1099 1813 1143 domi-

322 1174 491 1214 nacioni
537 1179 584 1213 ut
623 1172 958 1214 transfereretur
999 1173 1054 1214 de
1093 1174 1242 1228 lingua
1281 1172 1478 1214 Arabica
1512 1172 1554 1212 in
1589 1171 1808 1212 Latinam.
1834 1184 1872 1219 15

326 1243 460 1284 Porro
477 1249 624 1284 vestro
645 1243 857 1284 mandato
876 1243 1056 1297 cupiens
1079 1243 1302 1285 humiliter
1325 1243 1506 1285 obedire
1528 1250 1571 1284 et
1593 1240 1811 1282 voluntati

322 1319 476 1361 vestre,
509 1313 624 1352 sicut
657 1320 823 1362 teneor,
857 1313 1090 1362 deservire,
1126 1313 1242 1355 hunc
1274 1313 1447 1363 librum,
1479 1327 1567 1367 quo
1605 1310 1814 1352 carebant

323 1383 470 1424 Latini
488 1396 540 1423 eo
558 1384 678 1436 quod
702 1384 819 1436 apud
844 1383 1134 1438 paucissimos
1152 1383 1327 1425 Arabes
1351 1383 1583 1430 invenitur,
1607 1379 1814 1422 transtuli

322 1466 421 1493 cum
446 1466 608 1507 magno
636 1452 788 1494 labore
812 1460 856 1494 et
885 1453 1032 1495 lucido
1062 1467 1264 1495 sermone
1287 1455 1341 1495 de
1362 1453 1560 1495 Arabico
1582 1451 1813 1505 ydiomate
1877 1507 1880 1510 Δ

323 1522 366 1562 in
390 1523 602 1563 Latinum
626 1523 682 1563 ad
705 1530 900 1564 vestram
924 1524 1278 1578 magnitudinem
1301 1523 1490 1577 gloriam
1514 1529 1557 1564 et
1583 1521 1812 1570 honorem,
1833 1531 1878 1559 20'

322 1591 498 1634 eliciens
515 1593 784 1647 quandoque
806 1607 862 1633 ex
886 1593 1031 1635 littera
1050 1593 1257 1643 litteram,
1280 1600 1323 1635 et
1346 1593 1614 1646 quandoque
1637 1603 1812 1633 sensum
1862 1613 1870 1621 ·

297 1698 302 1705 .
324 1676 379 1702 ex
404 1675 545 1711 sensu,
568 1676 666 1703 cum
695 1660 699 1717 Ι
728 1662 838 1703 alius
864 1663 1073 1717 loquendi
1105 1665 1262 1705 modus
1284 1664 1342 1705 sit
1363 1664 1480 1717 apud
1506 1662 1680 1703 Arabes
1701 1659 1812 1701 alius

322 1733 442 1785 apud
468 1732 666 1773 Latinos.
732 1732 879 1786 Quem
899 1733 1056 1775 librum
1081 1733 1372 1788 peritissimus
1395 1733 1596 1788 princeps
1619 1729 1812 1784 philoso-

322 1802 511 1856 phorum
528 1802 786 1844 Aristotiles
805 1805 1056 1857 composuit
1071 1804 1127 1844 ad
1143 1804 1408 1858 peticionem
1425 1803 1536 1857 regis
1551 1799 1811 1849 Alexandri,

322 1872 524 1926 discipuli
559 1874 635 1913 sui.
702 1873 790 1927 Qui
824 1874 1064 1928 postulavit
1097 1875 1153 1915 ab
1187 1887 1251 1925 eo,
1285 1880 1332 1914 ut
1365 1873 1422 1914 ad
1456 1873 1601 1926 ipsum
1634 1869 1812 1920 veniret,
1833 1881 1871 1918 25

323 1949 366 1983 et
399 1950 616 1984 secretum
644 1945 920 1996 quarundam
948 1944 1110 1985 artium
1132 1944 1214 1985 sibi
1238 1943 1425 1984 fideliter
1447 1941 1671 1990 revelaret,
1692 1939 1812 1982 vide-

323 2012 435 2064 licet,
460 2019 644 2061 motum,
668 2014 986 2067 opmacionem,
1011 2021 1053 2055 et
1077 2019 1347 2068 potestatem
1366 2019 1583 2054 astrorum
1607 2011 1650 2052 in
1673 2016 1813 2052 astro-

323 2083 484 2132 nomia,
521 2089 564 2124 et
602 2089 742 2124 artem
778 2083 959 2125 alkimie
992 2084 1033 2124 in
1069 2090 1238 2132 natura,
1267 2090 1310 2125 et
1343 2076 1484 2131 artem
1517 2078 1810 2135 cognoscendi

322 2157 510 2202 naturas,
561 2160 603 2193 et
655 2154 867 2207 operandi
919 2153 1257 2200 incantaciones,v
1308 2160 1351 2194 et
1405 2139 1721 2200 celi-manciam,
1767 2154 1810 2190 et
1859 2155 1869 2179 ἰ

321 2222 642 2273 geomanciam.
1828 2228 1870 2260 30

381 2290 470 2344 Qui
498 2292 677 2344 quidem
711 2293 773 2333 ire
805 2306 893 2334 non
926 2293 1074 2346 potuit
1109 2299 1288 2347 propter
1317 2298 1482 2333 etatem
1509 2294 1810 2332 senescentem

323 2367 367 2402 et
409 2361 606 2415 corporis
649 2363 927 2415 gravitatem,
965 2369 1009 2404 et
1051 2362 1253 2416 quamvis
1296 2368 1464 2408 secreta
1512 2360 1810 2414 predictarum

322 2429 484 2470 artium
517 2431 608 2471 sive
642 2432 928 2473 scienciarum
967 2431 1187 2474 occultare
1226 2431 1368 2473 modis
1404 2430 1610 2472 omnibus
1647 2441 1808 2483 propo-

323 2506 481 2549 suerat,
516 2506 665 2541 tamen
704 2500 922 2542 voluntati
959 2508 1002 2543 et
1039 2501 1335 2556 postulacioni
1376 2500 1488 2542 tanti
1524 2498 1693 2541 domini
1730 2510 1809 2540 nec
1856 2523 1867 2531 ·

322 2582 452 2609 ausus
476 2569 555 2610 fuit
580 2583 657 2611 nec
682 2571 836 2611 debuit
858 2571 1088 2613 contraire.
1149 2571 1316 2612 Volens
1341 2570 1491 2623 itaque
1514 2569 1555 2610 in
1581 2575 1704 2622 parte
1727 2567 1807 2609 im·
1827 2571 1865 2607 35

324 2639 512 2691 peratori
536 2640 787 2681 satisfacere
807 2647 850 2681 et
869 2641 912 2681 in
931 2647 1058 2695 parte
1081 2646 1249 2682 secreta
1267 2639 1428 2682 artium
1445 2638 1679 2688 occultare,
1694 2637 1809 2679 hunc
1848 2681 1855 2689 ,

323 2706 483 2748 librum
517 2709 672 2755 edidit,
703 2709 889 2762 loquens
922 2710 1218 2765 enigmatibus
1249 2716 1291 2751 et
1325 2709 1542 2763 exemplis
1576 2715 1619 2749 et
1649 2706 1807 2762 figura-
