1908 3126
796 128 851 175 55

86 245 127 285 in
164 255 243 283 sua
280 240 529 294 indigencia
563 238 619 279 de
661 244 736 277 tua
777 234 1041 283 clemenciam
1090 231 1201 285 elige
1241 229 1320 270 tibi
1364 227 1562 269 homines

86 313 272 355 scientes
309 323 458 353 eorum
494 308 687 361 linguam
723 312 766 346 et
802 304 1070 358 eloquentes,
1097 300 1317 355 justiciam
1350 303 1560 340 amantes,

87 383 159 437 qui
182 382 320 423 vicem
344 387 467 422 tuam
490 377 660 431 suplere
682 376 871 423 valeant,
894 380 937 415 et
960 386 1036 414 eos
1059 368 1394 412 misericorditer
1414 379 1561 407 amare

88 460 132 495 et
164 465 327 505 regere.
392 450 441 489 In
473 449 556 489 hoc
589 454 655 488 est
688 446 802 499 regis
836 442 1134 490 observancia,
1158 438 1385 481 hominum
1418 434 1560 477 leticia

51 548 67 579 5
89 521 410 576 beneplacitum
435 517 667 560 Creatoris.

144 592 212 632 Dc
233 591 349 645 regis
360 587 647 643 providencia
669 591 823 626 contra
833 584 1009 636 famem
1021 581 1247 634 futuram.

147 662 186 704 O
213 660 485 706 Alexander,
509 656 757 698 thesauriza
789 654 869 695 tibi
902 651 1088 692 multum
1111 651 1166 691 de
1192 645 1487 701 leguminibus
1519 649 1562 684 et
1582 658 1696 691 Layup
1709 664 1789 691 great

87 735 233 789 granis
277 732 457 773 utilibus
500 729 553 769 ad
592 725 873 771 vescendum,
910 729 956 763 ut
1000 728 1112 761 terre
1154 726 1228 759 tue
1266 716 1483 758 sufficiant
1521 714 1563 753 in
1575 692 1844 766 ἶῗᾶεῑὲἕαὲἕέᾆέηςῑ

88 813 285 858 tempore
322 801 449 842 samis
488 805 531 839 et
569 795 827 849 indigencie‚
865 800 913 833 ut
954 805 1053 831 cum
1091 788 1271 839 venerit,
1303 787 1417 827 sicut
1452 784 1565 824 solet
1582 767 1650 787 nme
1663 761 1842 794 ‘'fmmw

31 892 67 914 10
88 874 283 916 accidere
306 872 347 912 in
371 870 497 912 annis
520 867 647 908 famis
672 872 715 906 et
739 864 897 916 inopie,
920 861 1066 902 valeat
1099 859 1182 899 tuis
1204 855 1458 898 hominibus
1491 861 1567 894 tua

88 944 370 1000 providencia
404 937 645 986 subvenire,
667 944 710 977 et
744 936 785 975 in
819 940 1018 985 tempore
1045 927 1315 970 necessitatis
1337 937 1566 966 succurere

87 1014 347 1056 civitatibus.
409 1012 533 1052 Tunc
558 1007 690 1049 debes
712 1004 880 1059 aperire
902 1001 1061 1043 celatia
1083 1006 1158 1041 tua
1177 1004 1220 1038 et
1243 996 1466 1049 publicare
1489 1007 1566 1048 per

88 1098 267 1138 regnum
292 1091 334 1125 et
358 1082 556 1122 civitates
578 1078 797 1118 frumenta
822 1080 865 1114 et
888 1084 1023 1127 grana
1046 1067 1356 1111 thesaurizata.

147 1154 245 1195 Hec
278 1160 344 1194 est
378 1164 538 1204 magna
570 1146 751 1196 cautela,
782 1143 979 1185 maxima
1011 1137 1304 1194 providencia,
1338 1134 1560 1175 munimen
1582 1151 1610 1177 in
1625 1152 1680 1178 this
1694 1152 1766 1179 shall
1782 1161 1852 1186 your

29 1240 40 1261 1
89 1225 221 1279 regni,
244 1224 358 1265 salus
391 1220 556 1275 populi,
584 1216 786 1258 custodia
817 1213 1056 1254 civitatum.
1120 1208 1246 1249 Tunc
1279 1205 1395 1247 euim
1430 1216 1563 1258 pene·
1582 1186 1767 1260 ᾖοζξῗῖἕᾞῖῗ

87 1294 220 1337 trabit
247 1300 370 1335 tuum
401 1296 669 1345 preceptum,
696 1293 799 1327 tunc
828 1280 1158 1337 prosperabitur
1184 1284 1307 1319 tuum
1335 1273 1497 1315 factum
1521 1278 1565 1313 et
1582 1255 1704 1288 praffied‘

87 1364 215 1413 fama,
231 1371 275 1405 et
297 1364 352 1403 de
375 1369 449 1402 tua
473 1359 621 1413 pulcra
643 1353 925 1410 providencia
951 1350 1211 1405 gaudebunt
1233 1354 1276 1386 et
1292 1345 1440 1386 vivent
1462 1356 1562 1383 cum

88 1435 245 1476 fiducia
276 1432 475 1475 universi.
540 1429 664 1468 Tunc
685 1425 820 1466 scient
852 1435 1005 1463 omnes
1027 1407 1146 1473 quod
1171 1415 1284 1458 oculi
1313 1414 1374 1455 tui
1397 1409 1561 1467 prolcul
1583 1433 1623 1467 47
1642 1426 1673 1457 b.

86 1502 300 1547 videanffl
360 1502 545 1555 Propter
577 1499 661 1538 hoc
697 1492 1066 1549 appreciabuntur
1103 1496 1225 1529 tuam
1264 1482 1562 1530 clemenciam,

29 1588 67 1611 ²0
87 1582 130 1617 et
151 1574 367 1616 timebunt
390 1579 511 1613 tuam
537 1567 757 1609 offendere
781 1567 1087 1616 magestatem.

148 1688 395 1744 Capitulum
434 1685 514 1726 .18.
549 1682 599 1724 de
635 1680 753 1734 regis
788 1673 1099 1723 misericordia,
1133 1669 1248 1724 qnod
1280 1681 1357 1709 rex
1389 1680 1471 1707 mm
1506 1664 1567 1706 sit

73 1759 233 1815 facilis
252 1757 314 1799 ad
330 1755 587 1810 <ffzcsz’0nem
608 1749 848 1805 sanguinis.

227 1844 491 1887 Alexander
512 1840 761 1893 frequenter
784 1834 934 1877 monui
965 1839 1006 1873 te
1031 1837 1073 1872 et
1096 1828 1240 1870 adhuc
1265 1838 1421 1866 moneo
1444 1821 1563 1877 quod

210 1929 351 1957 meam
375 1912 597 1954 custodias
612 1908 871 1958 doctrinam,
889 1916 1022 1958 quam
1046 1901 1081 1943 si
1103 1897 1299 1946 servaris,
1317 1902 1442 1936 tuum
1461 1906 1562 1947 pro-

28 2000 65 2030 25
86 1987 279 2041 positum
302 1982 581 2035 consequeris
604 1987 647 2021 et
674 1990 856 2032 regnum
888 1981 1013 2014 tuum
1044 1968 1242 2012 durabile
1272 1962 1561 2020 permanebit.

87 2056 190 2099 Noli
233 2056 365 2110 igitur
406 2051 667 2107 sanguinem
710 2045 890 2088 humani
926 2041 1098 2097 generis
1133 2052 1209 2093 per
1245 2043 1288 2077 te
1327 2032 1561 2079 effundere,
1583 2053 1773 2080 Donotshed

87 2127 296 2182 quoniam
328 2124 411 2165 hoc
443 2122 521 2163 soli
548 2121 645 2161 Deo
667 2116 882 2164 convenit,
904 2113 979 2167 qui
1013 2110 1133 2152 novit
1167 2105 1341 2148 occulta
1364 2099 1561 2143 cordium
1580 2088 1682 2117 b¹⁰⁰d³

87 2203 130 2239 et
154 2201 322 2238 secreta
350 2193 592 2235 hominum.
655 2187 760 2230 Noli
784 2186 862 2227 tibi
884 2195 1105 2234 assumere
1130 2178 1326 2220 divinum
1355 2171 1563 2222 officium,
1582 2191 1646 2218 God
1659 2192 1742 2219 alone
1754 2191 1806 2219 has

87 2267 189 2321 quia
219 2279 305 2306 non
339 2270 403 2305 est
437 2262 518 2303 tibi
551 2261 703 2301 datum
743 2257 851 2297 scire
887 2253 1127 2295 archanum
1165 2248 1376 2289 divinum.
1446 2241 1563 2283 Cave
1595 2226 1841 2260 h¹⁵¹³ffl⁰g²t¹ve·

27 2346 67 2377 30
87 2336 218 2391 igitur
249 2340 463 2389 quantum
498 2337 625 2385 potes
656 2327 880 2369 effundere
912 2323 1172 2378 sanguinem
1195 2317 1437 2366 hominum,
1461 2313 1563 2367 quia

87 2406 241 2447 doctor
262 2403 463 2457 egregius
498 2399 793 2452 Hermogines
815 2396 1000 2449 scripsit,
1023 2393 1170 2434 dicens
1188 2407 1194 2430 :
1230 2387 1421 2443 Quando
1443 2397 1560 2426 crea·
1582 2400 1759 2434 Thesaying
1773 2401 1806 2427 of

87 2483 182 2517 tura
213 2472 415 2515 interficit
449 2478 695 2512 creaturam
729 2468 810 2509 sibi
844 2466 1049 2515 similem,
1071 2468 1119 2503 ut
1152 2461 1287 2502 homo
1320 2457 1561 2505 hominem,
1583 2435 1788 2468 Hermogene*

85 2658 102 2695 f
139 2602 220 2662 ²vid
241 2608 311 2649 est,
334 2607 426 2638 sunt
455 2595 609 2648 providi
640 2603 678 2634 et
708 2593 915 2645 prevident
946 2589 1133 2629 utilitates
1164 2585 1273 2637 regni
1301 2590 1440 2624 contra
1461 2582 1565 2620 mala

101 2665 224 2696 utura.

114 2761 150 2808 ⁷6
166 2757 327 2818 ⁴Chapter
342 2776 434 2807 xxiv.
458 2775 493 2805 V.
580 2777 587 2787 ⁸
632 2750 674 2803 21¹
700 2772 852 2811 Chapter
868 2780 948 2801 xxv.
969 2768 1005 2799 V.
