1908 3126
989 83 1074 124 140
1831 0 1870 163 ἲ

282 191 451 231 bonum
475 190 707 245 proveniet
731 203 789 230 ex
811 189 908 238 hoc,
927 188 1106 239 scilicet,
1125 202 1184 230 ex
1201 189 1353 240 tribus,
1369 189 1474 242 quia
1493 189 1572 229 nisi
1590 188 1747 230 tertius
1765 186 1770 242 Ι

155 266 216 299 106
234 277 266 298 a.
285 266 400 302 esset
431 260 563 302 nichil
593 260 771 315 penitus
799 265 1068 300 nosceretur.
1131 258 1250 313 Quia
1279 259 1474 313 primum
1504 272 1634 314 super
1655 258 1775 312 quod

0 319 56 345 she
70 318 178 344 virtues
192 317 223 343 os

6 352 267 380 henumberthree,
287 331 470 373 fundate
492 337 595 372 sunt
616 343 772 371 omnes
794 343 860 370 res
883 336 950 370 est
971 329 1177 380 trinitas,1
1201 336 1243 371 et
1266 343 1343 384 per
1364 327 1778 383 quinariumssmedi-

0 397 57 422 she
70 395 246 422 excellences

0 431 85 458 ,ΜΕ
99 429 220 456 „umber
287 409 430 452 antur,
453 408 498 442 et
527 415 606 456 per
635 400 931 456 septenarium
964 400 1264 454 perficiuntur.
1329 399 1447 454 Quia
1478 409 1530 453 .7.
1553 405 1656 455 sunt
1686 398 1779 448 celi,

0 474 89 491 *³*OE
287 480 331 514 et
354 484 405 526 .7.
424 472 601 527 planete
615 469 632 494 2
654 479 699 512 et
722 484 777 525 .7.
795 477 895 511 sunt
919 470 1026 520 dies,
1043 477 1088 512 et
1111 471 1319 512 circuitus
1342 470 1472 512 Lune
1491 469 1780 525 septenarius,
1799 488 1817 519 5

288 548 332 583 et
358 541 454 583 dies
477 541 677 596 pocionis
699 555 776 582 seu
801 540 1021 581 medicine
1043 548 1147 582 sunt
1170 547 1356 594 septem,
1379 547 1424 582 et
1445 540 1540 582 dies
1562 538 1750 595 peryodi
1765 537 1782 561 3

288 619 392 653 sunt
423 621 474 664 .7.
507 618 552 653 et
585 610 727 653 multa
758 610 844 651 alia
882 617 1086 664 spectant
1118 612 1175 652 ad
1207 611 1508 665 septenarium
1545 621 1782 652 numerum

289 696 478 737 quorum
501 681 781 723 enumeracio
803 688 920 722 esset
942 680 1089 734 longa.

349 769 418 810 De
443 770 719 823 templacione
741 767 999 823 bajulorum.

1 872 255 910 Testyouroepn.
354 851 414 892 Et
437 864 574 892 unum
603 864 661 891 ex
684 850 768 891 hiis
791 850 953 904 quibus
975 856 1198 905 temptare
1220 850 1384 907 poteris
1407 848 1608 903 bajulum
1631 859 1785 902 quem·
1810 852 1873 908 104·v

2 907 71 974 {2¹3³
74 907 278 974 12-2353335„
296 922 404 964 libet
433 927 559 963 tuum
591 927 658 962 est
687 920 808 974 quod
839 921 1049 961 ostendas
1072 921 1111 961 ei
1135 926 1179 962 te
1202 920 1399 974 indigere
1426 919 1674 975 pecuniam,
1739 915 1788 958 Si
1833 916 1875 971 -j

5 1018 79 1044 ΜΕ
93 1017 206 1043 advises
297 1007 403 1047 ergo
426 993 562 1034 ducat
584 998 628 1033 te
651 991 707 1032 ad
731 990 1074 1032 distraccionem
1097 1005 1249 1032 eorum
1273 1004 1360 1044 que
1382 997 1485 1031 sunt
1508 990 1551 1030 in
1581 988 1790 1030 thesauro

3 1051 129 1085 opening
143 1052 191 1078 the

4 1094 144 1119 „emm
296 1071 387 1116 tuo,
404 1069 448 1105 et
467 1063 677 1104 ostendat
695 1061 779 1102 hoc
797 1074 892 1103 esse
908 1061 1168 1114 expediens,
1184 1062 1296 1103 scias
1312 1060 1432 1115 quod
1452 1059 1622 1100 nullum
1645 1057 1790 1112 capud

4 1166 36 1182 or
50 1154 193 1190 spending
207 1154 255 1181 the
297 1134 432 1189 precii
455 1133 581 1188 ponit
605 1133 647 1174 in
671 1130 752 1174 ῐθ.4
817 1132 877 1173 Et
906 1133 940 1174 si
971 1132 1148 1174 inducat
1177 1139 1222 1174 te
1251 1132 1306 1174 ad
1337 1130 1636 1186 recipiendum
1659 1141 1791 1183 pecu-

5 1199 109 1223 money
121 1190 236 1223 ofyour
331 1205 339 1212 .
562 1204 570 1211 .
807 1202 816 1210 .
1054 1203 1063 1210 .
1197 1203 1205 1210 .
1261 1203 1269 1209 .
1307 1203 1315 1210 .
1501 1201 1510 1209 .

4 1222 227 1258 subjects‚heis
297 1218 417 1245 niam
442 1204 738 1254 subditorum,
757 1209 838 1244 er1t
863 1215 1094 1258 corrupclo
1116 1215 1353 1257 reglm1n15‚
1369 1209 1413 1243 et
1436 1201 1589 1243 0d1ent
1612 1206 1656 1241 te
1679 1198 1794 1239 ultra
1817 1210 1853 1242 15

5 1269 41 1285 an
55 1259 110 1285 evil
125 1267 209 1285 coun-

6 1294 97 1320 „euon
298 1276 497 1316 modurn.
565 1273 614 1315 Si
645 1286 750 1327 ergo
782 1280 981 1327 exponat
1007 1273 1089 1315 tibi
1119 1273 1239 1327 quod
1271 1272 1420 1320 habet,
1443 1278 1487 1313 et
1510 1271 1654 1312 dicat:
1692 1269 1794 1309 Hoc

6 1337 256 1405 ζῖιὴξεῗξᾞδῇζοῇ
297 1352 364 1387 est
387 1344 508 1399 quod
538 1343 595 1384 de
624 1350 702 1384 tua
733 1342 882 1396 gracia
911 1350 955 1384 et
985 1341 1183 1384 dominio
1215 1349 1294 1382 tuo
1324 1340 1569 1395 adquisivi:
1605 1338 1794 1380 offerens

6 1405 202 1438 “⁰³‘W⁰¹¹¹¹y·
299 1417 446 1469 ipsum
481 1414 576 1466 tibi,
612 1413 693 1453 iste
730 1420 797 1454 est
833 1413 992 1454 merito
1035 1412 1371 1453 comendandus
1414 1418 1458 1453 et
1483 1402 1623 1452 'omni
1666 1409 1795 1451 laude

300 1486 475 1539 dignus,
498 1490 657 1538 utpote
681 1482 847 1537 eligens
871 1490 915 1524 et
938 1483 1092 1524 volens
1120 1482 1424 1524 confusionem
1453 1480 1519 1523 sui
1549 1479 1686 1534 ipsius
1715 1492 1795 1534 pro
1852 1486 1854 1490 ·

300 1563 379 1596 tua
401 1553 554 1609 gloria.
1819 1561 1860 1583 20

172 1645 232 1676 106
252 1646 282 1676 b,
363 1623 630 1678 Temptabis
666 1622 807 1663 eciam
843 1621 1017 1675 bajulos
1048 1620 1052 1675 Ι
1080 1629 1182 1663 tuos
1221 1622 1264 1662 in
1299 1622 1427 1662 donis
1461 1628 1504 1662 et
1543 1619 1798 1661 muneribus

13 1715 234 1749 Trythemalso
248 1714 286 1747 by
304 1694 531 1737 faciendis.
596 1692 745 1747 Quem
781 1705 886 1746 ergo
920 1691 1093 1733 illorum
1125 1692 1287 1733 videris
1321 1691 1468 1733 conari
1502 1697 1546 1732 et
1573 1689 1800 1731 intendere

14 1751 83 1784 gists
95 1750 152 1776 and
167 1758 207 1775 re-

15 1785 116 1812 wards.
307 1778 440 1825 super
469 1764 552 1805 hiis
583 1763 700 1804 ultra
732 1762 931 1811 modum,
953 1762 1125 1803 nullum
1159 1761 1324 1803 bonum
1358 1774 1506 1815 speres
1537 1761 1580 1801 in
1609 1773 1673 1801 eo.
1738 1759 1801 1801 Et

17 1859 126 1886 130„OE
141 1864 211 1884 mm
228 1857 276 1883 the
310 1836 380 1877 ille
413 1835 590 1889 bajulus
616 1833 691 1886 qui
725 1832 873 1874 anelat
903 1832 1091 1886 pecunie
1121 1832 1398 1886 acquirende,
1423 1839 1466 1872 et
1489 1832 1545 1872 ad
1569 1830 1802 1872 thesauros

15 1901 175 1920 mmmm
309 1905 626 1955 observandos,
661 1916 750 1944 non
785 1902 982 1944 confidas
1021 1904 1063 1943 in
1099 1916 1167 1953 eo,
1203 1902 1307 1956 quia
1342 1901 1436 1955 ejus
1470 1901 1701 1942 servicium
1736 1905 1801 1941 est
1824 1918 1863 1950 ²5

311 1984 491 2031 propter
518 1988 688 2024 aurum,
712 1981 755 2015 et
787 1973 975 2015 dimittit
1006 1973 1240 2027 pecuniam
1271 1985 1442 2014 currere
1470 1985 1571 2014 cum
1602 1969 1803 2012 sensibus
1906 1958 1908 2001 i

311 2047 554 2095 hominum,
587 2052 631 2085 et
669 2051 738 2085 est
779 2044 1059 2098 profunditas
1075 2043 1090 2065 ⁵
1124 2043 1216 2083 sine
1255 2042 1424 2091 fundo‚‘⁵
1457 2049 1501 2101 et
1536 2055 1623 2082 non
1661 2047 1726 2082 est
1759 2040 1802 2080 in

366 2173 375 2192 ¹
407 2185 486 2222 que
506 2179 565 2210 est
586 2169 738 2209 trinitas
760 2170 906 2209 divina.

368 2227 380 2247 ²
411 2226 476 2264 hic
493 2225 801 2276 comprehendit
822 2226 904 2264 duo
926 2223 1147 2271 luminaria,
1170 2225 1321 2262 scilicet
1343 2224 1476 2262 Solem
1491 2231 1529 2262 et
1551 2223 1708 2260 Lunam
1730 2220 1805 2259 sub

315 2294 483 2320 nurnero
515 2281 764 2330 planetarum
805 2293 896 2318 cum
928 2279 1036 2329 prius
1071 2278 1196 2329 magis
1226 2278 1360 2318 stricte
1391 2276 1560 2328 sumpsit
1594 2288 1804 2315 numerum
1828 2291 1868 2322 30

311 2338 573 2388 planetarum.

369 2393 382 2412 ³
413 2390 455 2430 id
481 2398 552 2438 est,
583 2389 817 2440 septimane,
847 2389 887 2428 in
919 2387 1068 2428 morbis
1101 2389 1228 2427 acutis
1258 2401 1430 2438 quorum
1462 2386 1602 2428 ultima
1633 2385 1719 2425 dies
1749 2392 1808 2424 est

315 2445 400 2485 dies
421 2444 542 2484 crisis.
605 2445 855 2495 ‘Peryodus'
878 2457 971 2483 vero
991 2452 1051 2482 est
1077 2444 1285 2482 ‘circuitus
1302 2444 1320 2481 '.

374 2502 385 2520 ⁴
417 2499 458 2539 id
480 2508 550 2548 est,
575 2513 658 2538 non
678 2498 929 2550 appreciatur
950 2507 999 2538 te.
1181 2499 1193 2518 ⁵
1223 2497 1386 2544 scilicet,
1409 2495 1651 2547 cupiditatis.

375 2556 388 2575 ὓ
418 2556 580 2603 scilicet,
603 2555 714 2605 quod
735 2563 931 2605 quantum
954 2555 1043 2604 plus
1070 2553 1192 2592 habet
1219 2560 1332 2591 tanto
1352 2553 1441 2603 plus
1466 2552 1587 2601 cupit.
1649 2549 1729 2588 Hic
1750 2556 1809 2588 est
1830 2561 1870 2593 35

318 2622 458 2648 sensus
479 2608 702 2655 hominum,
727 2617 768 2647 ut
788 2608 896 2660 prius
915 2607 1022 2648 dicit.

371 2744 410 2764 10
433 2733 588 2774 Chapter
604 2733 646 2764 ci.
669 2732 706 2763 V.
