1908 3126
816 135 840 175 9

91 235 264 273 infirmas
294 234 403 273 novit
433 244 568 286 aptare
602 237 653 274 ad
689 236 967 286 recepcionem
1002 236 1202 275 radiorum
1238 237 1438 275 stellarum
1474 250 1569 275 con-

89 299 351 348 veniencium,
382 309 419 339 et
450 314 531 340 non
559 302 688 340 solum
719 302 823 340 circa
853 302 1031 341 infirmos
1059 302 1131 341 scit
1158 303 1232 341 hec
1259 301 1471 352 disponere
1511 310 1569 340 set

89 365 247 406 insanis.
300 368 350 405 Et
371 366 444 405 scit
464 380 533 417 per
554 368 623 406 has
644 367 725 406 vias
747 367 962 407 rectificare
983 377 1021 408 et
1043 368 1249 408 meliorare
1270 367 1567 418 complexiones

89 444 226 470 eorum
244 440 286 470 ut
301 431 540 471 inclinentur
555 433 607 472 ad
628 433 736 472 bona
752 441 791 472 et
808 433 918 472 utilia
934 434 1009 473 sibi
1026 442 1065 473 et
1084 434 1181 482 aliis,
1204 441 1285 473 tam
1307 433 1347 472 in
1368 433 1569 484 sapiencia

50 517 69 550 5
89 510 208 547 quarn
231 497 270 535 in
291 497 521 546 moralibus,
545 498 645 537 sicut
666 499 910 549 Arthephius
933 499 1195 550 philosophus
1220 499 1416 550 disposuit
1442 499 1565 538 filium

90 562 189 613 regis
216 576 335 613 quem
361 564 509 611 docuit,
533 572 571 603 et
596 564 696 603 miro
724 565 847 604 modo
873 565 1092 604 melioravit
1112 564 1433 616 complexionem
1455 578 1567 603 suam

87 629 139 667 ad
171 629 390 669 bonitatem
432 638 470 669 et
509 630 763 681 sapienciam.
825 632 875 669 Et
910 633 984 670 hec
1024 631 1194 671 maxime
1228 631 1378 671 debent
1411 631 1493 670 fieri
1529 633 1567 669 in

89 694 244 745 regibus
274 703 311 734 et
344 695 431 734 filiis
461 709 598 735 eorum
625 704 662 735 et
687 696 726 734 in
753 696 838 735 aliis
863 696 1120 748 principibus,
1144 706 1182 736 et
1203 697 1329 737 eciam
1352 697 1509 748 prelatis
1532 705 1569 735 et

89 760 275 801 omnibus
297 760 387 800 viris
418 761 648 813 magnificis,
673 776 754 802 non
782 764 911 802 solum
940 771 1099 814 propter
1127 777 1264 803 eorum
1286 763 1486 811 utilitates,
1511 771 1569 802 set

30 843 70 868 10
88 834 247 877 propter
267 826 455 867 utilitates
477 827 729 867 subditorum
752 828 919 867 ecclesie
940 836 978 867 et
999 828 1126 868 tocius
1148 829 1299 868 mundi.

144 894 298 943 Majora
335 901 469 932 autem
509 894 584 932 hiis
623 902 790 945 possunt
830 896 910 934 fieri
951 894 1055 934 circa
1093 903 1237 934 statum
1275 895 1492 945 reipublice
1531 902 1569 932 et

88 969 297 1008 regnorum
332 972 403 1009 pro
443 959 639 1010 prosperis
678 968 717 1000 et
748 968 886 999 contra
923 962 1099 1008 adversa,
1134 962 1185 1000 de
1219 961 1366 1011 quibus
1396 959 1570 1011 loquitur

89 1022 311 1063 Aristotiles
341 1024 380 1062 in
409 1025 486 1063 hoc
507 1025 619 1074 libro,
643 1033 702 1065 set
729 1027 896 1065 occulte.
957 1026 1064 1075 Quia
1093 1026 1211 1065 dicit:
1242 1026 1308 1065 ille
1338 1034 1396 1064 est
1427 1027 1570 1064 fractor

90 1088 202 1139 sigilli
224 1090 392 1138 celestis,
414 1099 453 1129 et
475 1093 599 1130 multa
621 1093 723 1130 mala
751 1100 1023 1142 consequntur
1046 1105 1138 1131 eurn
1161 1093 1227 1142 qui
1253 1093 1399 1131 revelat
1420 1099 1570 1130 secreta

30 1167 67 1201 15
85 1154 268 1206 indignis.

147 1315 375 1365 Capitulum
387 1318 567 1366 quintum
579 1319 624 1356 de
636 1319 735 1356 veris
747 1319 911 1357 scienciis
923 1319 1113 1356 similibus
1123 1318 1164 1355 in
1175 1317 1304 1355 nomin
1309 1317 1392 1354 ibus
1404 1321 1576 1366 quatuor

82 1381 276 1430 predictis,
298 1388 355 1420 set
372 1383 494 1422 m’cln‘l
509 1384 550 1421 in
571 1384 780 1422 intencione
799 1385 862 1423 vel
877 1397 928 1432 re,
950 1390 1005 1422 set
1022 1388 1116 1421 sunt
1130 1388 1267 1433 partes
1277 1381 1520 1432 philosophie
1539 1389 1574 1419 et

87 1447 235 1485 sciencie
253 1449 572 1498 experimentali&

204 1551 405 1593 Ciendum
428 1556 538 1605 quod
558 1557 793 1606 geomancia
814 1555 992 1606 predicta
1011 1562 1070 1594 est
1091 1554 1255 1605 magica,
1274 1562 1312 1593 et
1333 1553 1573 1593 aerimancia

0 1641 2 1661 ι
32 1639 71 1662 20
214 1621 400 1670 quedam,
424 1628 463 1660 et
483 1621 741 1671 ydromancia
762 1622 947 1672 quedam,
971 1628 1010 1660 et
1039 1619 1285 1671 piromancia
1312 1620 1499 1671 quedam,
1522 1620 1572 1658 de

0 1699 1 1726 l
217 1685 363 1736 quibus
395 1694 487 1725 sunt
521 1686 609 1726 libri
640 1687 898 1738 magicorum.
961 1688 1029 1726 Set
1061 1686 1137 1725 alie
1175 1687 1318 1726 horum
1348 1685 1571 1733 nominum,

91 1758 149 1790 set
187 1764 269 1791 non
308 1765 438 1791 rerum
478 1766 609 1803 neque
650 1753 900 1801 intencionis,
942 1760 1034 1791 sunt
1073 1760 1202 1803 partes
1242 1751 1496 1803 philosophie
1535 1759 1573 1791 et

92 1816 262 1857 sciencie
301 1817 632 1869 experimentalis.
692 1820 796 1857 Nam
829 1820 1051 1858 secundum
1084 1819 1366 1857 Ptholomeum
1398 1817 1438 1856 in
1473 1817 1574 1855 libro

90 1883 135 1920 de
157 1884 422 1934 Disposicione
450 1885 594 1933 Splzere
614 1886 681 1934 qui
710 1884 788 1923 alio
816 1886 981 1924 nomine
1008 1892 1172 1923 vocatur
1194 1884 1506 1922 Introductorius
1533 1884 1574 1920 in.

3 1971 5 1974 ·
33 1967 70 2002 ²5
91 1950 317 2000 Almagesti,
350 1951 498 2001 duplex
533 1959 591 1989 est
626 1964 715 2000 pars
749 1950 1004 2000 philosophie
1033 1951 1085 1989 de
1114 1951 1253 1988 suturis
1283 1948 1574 1999 cognoscendis

91 2016 313 2054 secundum
353 2015 670 2066 possibilitatem,
710 2025 753 2055 ut
792 2016 945 2055 dictum
976 2023 1045 2055 est.
1106 2017 1200 2054 Una
1229 2023 1288 2053 est
1318 2016 1576 2053 Astronomia

91 2082 289 2129 naturalis,
312 2082 406 2132 quia
426 2082 477 2120 de
492 2081 611 2120 rebus
632 2081 876 2120 naturalibus
898 2081 938 2119 in
955 2083 1032 2120 hoc
1054 2081 1207 2119 mundo
1222 2079 1395 2120 inferiori
1411 2079 1572 2130 judicat,

94 2153 136 2184 ut
151 2146 303 2186 dictum
318 2155 387 2195 est,
404 2146 554 2186 scilicet
569 2147 703 2187 medio
717 2149 841 2186 modo
858 2148 959 2186 inter
973 2146 1241 2186 necessarium
1259 2153 1297 2184 et
1314 2145 1572 2196 impossibile,

4 2232 7 2250 ι
90 2212 190 2251 sicut
211 2214 442 2252 Ptolomeus
470 2212 475 2266 Ι
500 2214 619 2252 docet
640 2213 679 2251 in
701 2214 910 2263 Centilogio
931 2221 970 2252 et
991 2212 1031 2251 in
1053 2212 1366 2262 Quadripartilo‚
1390 2211 1442 2250 ita
1464 2212 1573 2261 quod
1593 2224 1609 2255 5
1628 2214 1659 2246 b.

4 2269 8 2316 ¹.
32 2297 73 2329 30
93 2279 241 2317 nullam
271 2278 551 2318 necessitatem
590 2279 804 2330 imponunt
833 2278 1053 2318 astronomi
1082 2278 1208 2317 libero
1236 2277 1411 2325 arbitrio,
1442 2290 1573 2327 neque

91 2343 206 2383 rebus
227 2344 563 2395 contingentibus,
586 2352 629 2384 ut
650 2346 756 2396 prius
777 2344 1001 2396 expositum
1023 2352 1091 2384 est.

145 2411 212 2449 Set
241 2418 300 2449 est
329 2410 406 2449 alia
434 2410 607 2450 sciencia
635 2424 714 2462 que
743 2410 971 2450 considerat
997 2411 1146 2449 futuras
1169 2409 1430 2449 alteraciones
1457 2410 1574 2459 hujus

93 2475 232 2515 mundi
254 2475 459 2525 inferioris,
481 2491 559 2528 que
581 2485 744 2516 vocatur
766 2476 948 2516 Sciencia
968 2475 1300 2528 Experimentalis
1321 2489 1343 2514 a
1365 2476 1575 2514 Ptolomeo

92 2542 132 2579 in
151 2541 252 2581 libro
272 2541 463 2593 predicto,
487 2556 604 2594 super
624 2556 756 2594 quam,
781 2551 822 2581 ut
843 2542 897 2581 ait
920 2544 1162 2590 Ptolomeus,
1186 2541 1410 2581 Aristotiles
1432 2540 1576 2579 nobilis

140 2668 178 2705 13
202 2659 313 2700 dicit]
338 2671 367 2699 p.
386 2671 441 2699 41.

64 2753 81 2799 ‚⁸
108 2804 110 2807 y
140 2772 176 2804 ιζ]
201 2760 411 2802 intencione]
429 2761 619 2792 intenciore
639 2760 712 2791 MS.
