1908 3126
767 108 846 151 105

51 219 244 266 .oportet
267 219 310 253 te
333 212 482 265 aliquo
504 219 706 264 tempore
727 210 858 252 aliam
883 213 1148 254 medicinam
1171 225 1354 262 sumere,
1380 219 1443 252 set
1467 211 1549 253 hac

70 281 233 324 utaris.¹

135 461 381 517 Capitulum
404 475 488 516 .29.
511 463 564 504 de
574 465 889 517 preparacionc
909 465 1058 505 carnis
1077 465 1330 517 viperarum
1353 465 1444 505 sive
1464 478 1552 506 ser·
1573 470 1611 500 82
1631 481 1658 500 a·
1772 483 1805 521 S

64 539 244 586 pentum
265 540 308 574 et
327 532 579 583 draconum,
602 540 646 574 et
671 547 823 574 carmn
843 534 1115 587 proprietate
1143 542 1184 576 ct
1205 534 1414 585 eleccione,
1437 542 1477 575 ct
1504 534 1555 574 de

35 611 52 644 5
73 609 255 656 tempore
274 603 476 645 sumendi
496 612 538 645 et
559 603 680 644 moda
692 604 971 658 preparandi
988 611 1029 644 ct
1038 604 1244 657 faciendi
1265 603 1460 645 trociscos
1474 612 1553 658 pro

76 671 225 713 ‘multis
257 673 595 726 egritudinibus.
656 674 725 714 Et
755 673 949 726 loquitur
975 674 1245 727 generaliter
1275 674 1327 714 de
1363 681 1555 727 serpente

74 741 243 784 colubro
259 749 302 784 et
320 743 516 795 dracone,
531 745 634 797 qnia
651 758 704 783 cx
718 743 902 796 quolibet
920 758 1068 785 eornm
1081 743 1146 798 fit
1162 758 1323 797 magna
1343 744 1554 785 medicina

70 819 113 853 et
133 812 298 854 nobilis.

199 922 286 965 Uia
308 924 363 964 de
384 924 661 976 serpentibus
685 923 733 964 fit
758 937 919 978 magna
942 923 1172 973 medicina,
1190 930 1232 963 et
1251 929 1352 964 sunt
1370 922 1551 976 quidam
1572 927 1748 966 A.¹¹¹‘=di0³¹¹<2
1763 929 1789 954 0¹

1573 961 1674 995 leers¹
1688 962 1756 988 flesh
1770 973 1774 988 :

16 1003 54 1028 10
179 992 402 1039 ,homines
439 1000 488 1034 ut
521 993 738 1047 Ethiopes
777 1001 820 1034 et
856 993 930 1034 alii
970 994 1044 1046 qui
1076 998 1311 1034 vescuntur
1350 992 1552 1033 carnibus

73 1070 326 1115 serpentum
355 1070 399 1104 et
429 1064 686 1113 draconum,
709 1070 755 1103 ut
781 1063 860 1104 tibi
890 1064 984 1104 dixi
1015 1063 1056 1103 in
1086 1063 1197 1104 libro
1223 1061 1276 1102 de
1300 1062 1522 1103 medicinis
1545 1061 1550 1117 Ι

128 1198 138 1218 ¹
167 1199 519 1239 Considerandum
563 1208 623 1240 est
661 1200 702 1239 in
751 1202 827 1240 hoc
875 1201 1050 1252 capitulo
1096 1203 1172 1239 .28.
1224 1201 1274 1239 de
1321 1198 1552 1237 nominibus
1571 1198 1786 1259 ssffieffgffiffiliff
1798 1199 1830 1224 Of

71 1253 264 1302 Arabicis,
288 1254 381 1305 quia
402 1256 481 1294 fere
508 1257 644 1294 omnia
664 1263 756 1294 sunt
777 1255 910 1303 dubia,
940 1255 1032 1295 ideo
1053 1255 1292 1306 requirenda
1316 1262 1407 1293 sunt
1428 1255 1553 1292 multa
1571 1266 1676 1293 Arabio
1691 1242 1797 1293 namesg.

70 1308 319 1359 exemplaria,
342 1318 380 1348 et
409 1309 653 1361 apothecarii
683 1318 722 1350 et
751 1310 899 1349 medici
928 1310 1042 1360 periti
1072 1310 1202 1349 sciunt
1232 1318 1270 1348 et
1304 1316 1552 1359 cognoscunt

15 1369 53 1401 15
70 1362 135 1402 illa
156 1363 249 1414 quia
275 1365 316 1402 in
342 1363 451 1403 libris
473 1378 611 1404 eorum
639 1365 880 1415 hujusmodi
901 1365 1065 1404 nomina
1095 1364 1360 1404 continentur.
1422 1365 1472 1401 Et
1494 1371 1553 1402 est

71 1419 294 1458 notandum
312 1420 423 1469 quod
437 1419 478 1457 in
497 1420 575 1458 hoc
596 1419 772 1471 capitulo
794 1433 949 1471 magno,
974 1419 1134 1467 scilicet,
1166 1421 1254 1466 .28.‚
1277 1420 1398 1458 docet
1418 1419 1553 1456 omnia

69 1486 147 1523 que
173 1473 425 1524 requiruntur
439 1476 491 1514 ad
521 1474 864 1525 composicionem
885 1488 1041 1514 summe
1063 1473 1261 1513 medicine
1284 1486 1362 1523 que
1390 1480 1554 1511 vocatur

72 1528 215 1579 ‘gloria
235 1528 536 1568 inestimabilis'
564 1528 567 1581 l
595 1538 633 1569 et
659 1531 789 1580 primo
818 1530 1026 1580 componit
1050 1528 1392 1580 composicionem
1424 1527 1552 1566 mellis
1572 1527 1610 1558 82
1631 1537 1659 1558 a.

71 1595 152 1633 quo
185 1582 306 1622 utitur
337 1592 486 1634 postea,
528 1592 567 1623 et
606 1586 787 1624 secundo
821 1584 935 1635 ponit
969 1586 1017 1624 .8.
1046 1583 1266 1623 medicinas
1297 1582 1552 1634 particulares

16 1648 54 1671 ²0
75 1639 136 1676 ex'
160 1638 306 1688 quibus
338 1652 430 1677 cum
464 1640 581 1678 melle
615 1647 825 1690 preparato
864 1638 1120 1690 componitur
1153 1652 1233 1678 una
1266 1637 1466 1676 medicina
1505 1651 1551 1676 ex

71 1692 268 1732 omnibus.
329 1695 380 1732 Et
401 1695 476 1732 hec
497 1701 555 1733 est
575 1695 717 1745 ‘gloria
738 1693 1037 1734 inestimabilis'
1060 1707 1181 1744 quam
1201 1694 1349 1744 peritus
1371 1692 1551 1732 medicus
1569 1701 1636 1734 Any
1646 1705 1747 1739 ‚espen-t

70 1753 109 1786 et
143 1756 325 1798 expertus
355 1755 491 1799 posset
520 1748 625 1788 bene
656 1751 784 1788 facere
810 1749 842 1788 si
877 1757 980 1788 esset
1014 1749 1136 1788 dives.
1195 1750 1263 1787 Set
1293 1747 1439 1786 medici
1470 1760 1552 1786 non
1570 1735 1786 1795 ξζξξιζζῗζξζῖξῖι

70 1808 234 1841 utuntur
267 1802 369 1842 libro
401 1803 487 1850 isto,
521 1812 590 1842 aut
621 1803 877 1854 paucissimi3
907 1805 957 1843 de
988 1817 1069 1854 quo
1099 1805 1321 1853 dampnum
1352 1802 1552 1841 infinitum
1572 1803 1718 1863 Pfflmffbl?
1731 1802 1813 1862 ξῚΟΥΥ

67 1856 213 1896 accidit
234 1858 387 1896 mundo
408 1865 569 1908 propter
588 1859 717 1898 bonos
737 1860 908 1909 prelatos
930 1866 968 1897 et
988 1857 1199 1909 principes.
1572 1846 1729 1904 ἒῃοῗιὲῖιῗκ

15 1928 52 1962 ²5
126 1913 231 1951 Nam
263 1926 333 1963 per
363 1914 467 1951 hanc
502 1913 743 1952 medicinam
783 1913 1008 1952 extenditur
1041 1913 1119 1951 vita
1154 1926 1281 1963 usque
1310 1913 1362 1951 ad
1393 1911 1554 1950 ultimos
1575 1913 1821 1974 ligivelslssesull

70 1966 260 2006 terminos
281 1967 359 2006 vite
380 1969 578 2007 naturales
604 1982 705 2019 quos
736 1970 845 2007 Deus
870 1967 1085 2015 constituit,
1109 1967 1203 2018 quia
1230 1980 1371 2006 omnes
1395 1965 1554 2004 infirmi·
1573 1955 1675 1976 ”mura
1710 1957 1757 1975 ιε’

70 2029 169 2060 tates
199 2022 384 2070 excludit,
408 2029 446 2061 et
477 2024 599 2061 malas
630 2022 927 2072 complexiones
957 2022 1110 2061 reducit
1130 2023 1182 2061 ad
1213 2029 1359 2060 statum
1386 2021 1552 2068 bonum,

70 2083 109 2115 et
138 2084 247 2115 curat
278 2089 418 2115 omnes
448 2077 709 2116 infirmitates.
765 2077 861 2116 Vidi
891 2077 998 2116 enim
1029 2076 1231 2116 medicum
1271 2075 1552 2126 peritissimum
1576 2082 1683 2141 lhzxvel:²
1689 2090 1755 2107 seen
1769 2080 1790 2106 it
1823 2123 1829 2127 ἢ

72 2130 140 2182 qui
168 2133 360 2182 majorem
395 2131 615 2182 principem
647 2132 687 2170 in
720 2145 841 2183 regno
882 2131 1048 2171 Francie
1080 2139 1170 2181 post
1202 2144 1345 2182 regem,
1376 2143 1552 2177 avarum,
1573 2120 1843 2180 ξ,“ζ,ῗῖῃῗῗζξῖζῗ“

15 2199 56 2231 30
71 2185 377 2236 pusillaminem,
419 2186 581 2234 tristem,
623 2186 942 2234 malencolicum,
983 2185 1170 2234 debilem,
1212 2194 1250 2224 et
1295 2184 1428 2223 multis
1468 2185 1553 2223 aliis
1573 2183 1802 2245 glggilffffssyassd

71 2239 180 2279 viciis
201 2241 334 2280 anime
355 2249 394 2280 et
417 2241 594 2291 corporis
623 2250 838 2292 gravatum,
866 2241 1016 2280 curavit
1045 2241 1096 2280 ab
1127 2240 1315 2279 omnibus
1346 2241 1459 2278 malis
1485 2252 1555 2290 per
1673 2227 1699 2250 ³¹

72 2294 175 2334 hanc
214 2295 482 2344 medicinam3
530 2304 569 2335 et
599 2297 726 2336 factus
757 2304 815 2336 est
844 2295 1099 2347 largissimus,
1119 2294 1421 2342 audacissimus,
1452 2295 1555 2334 letis-

71 2349 203 2398 simus,
237 2359 275 2390 et
305 2358 464 2390 curatus
503 2351 554 2390 ab
588 2352 776 2390 omnibus
823 2350 1074 2401 passionibus
1113 2349 1395 2397 malencolicis,
1427 2356 1465 2388 et
1503 2349 1555 2387 ab

72 2405 259 2444 omnibus
279 2405 390 2444 viciis
410 2406 586 2457 corporis
607 2414 646 2445 et
665 2407 799 2445 anime
819 2405 1065 2445 naturalibus
1086 2412 1125 2444 et
1146 2405 1376 2444 moralibus.

18 2468 57 2500 35
128 2461 179 2499 Et
200 2460 231 2499 si
252 2462 376 2499 lector
395 2461 514 2511 hujus
535 2461 698 2512 capituli
717 2461 871 2512 ignoret
891 2468 1015 2499 artem
1033 2458 1242 2507 medicine,
1266 2472 1348 2497 non
1369 2458 1551 2509 negligat,
1575 2461 1831 2511 lfa-{thfulapothe-

74 2521 133 2553 set
171 2523 280 2566 roget
317 2515 594 2566 apothecarios
632 2517 771 2555 fideles
810 2523 848 2554 et
886 2516 1046 2566 peritos,
1079 2522 1118 2553 et
1156 2513 1335 2553 similiter
1374 2515 1553 2553 medicos
1572 2505 1844 2564 ζῗᾷἶῖιεῗὴιῖεςὲἓᾶῑ.

47 2578 51 2581 ’
76 2581 241 2620 magnos
261 2577 300 2609 et
321 2569 519 2620 sapientes
539 2578 578 2609 et
599 2572 768 2609 multum
783 2570 931 2621 peritos
947 2578 985 2609 et
1006 2577 1199 2620 expertOS,
1218 2576 1259 2607 ut
1281 2569 1496 2608 ostendant
1517 2567 1553 2607 ei
1572 2565 1643 2592 cine·

17 2623 22 2627 “
75 2630 114 2662 et
143 2625 315 2664 doceant
344 2638 436 2663 eum
467 2625 603 2664 omnia
623 2639 701 2676 que
731 2625 796 2664 hic
831 2626 1096 2664 continentur.
1158 2625 1209 2662 Et
1231 2623 1262 2662 si
1294 2623 1409 2663 fuerit
1429 2624 1551 2670 dives,

64 2685 205 2728 -potest
217 2680 397 2719 laborare
408 2681 460 2719 ad
471 2679 768 2719 conficiendum
786 2681 889 2718 hanc
903 2678 1145 2718 medicinam
1158 2692 1227 2729 per
1241 2678 1555 2729 sapientissimos

37 2743 63 2765 0>
76 2733 253 2772 medicos
274 2742 312 2773 et
331 2734 608 2785 apothecarios
629 2734 900 2786 peritissimos.
961 2735 1013 2773 Et
1035 2733 1064 2772 si
1092 2741 1280 2773 excusent
1299 2747 1343 2772 se
1364 2734 1474 2784 quod
1494 2746 1555 2771 res
