1908 3126
19 422 49 439 or
63 420 134 445 your
147 417 246 445 empty

20 446 147 473 stomach
162 445 217 472 will

20 481 106 508 assect
119 490 191 514 your
201 479 292 507 hrain.

24 1038 76 1064 We
90 1037 144 1064 will
159 1045 222 1064 now

23 1072 110 1105 speak
124 1071 157 1099 of
166 1072 214 1098 the

26 1107 88 1133 sour
101 1115 225 1133 seasons.

201 1306 238 1337 61
261 1307 291 1339 b.

25 1394 129 1429 Spring
143 1395 244 1428 begins

26 1430 76 1463 23&
89 1430 175 1456 hours
189 1430 258 1456 from

0 1481 8 1493 ,
25 1464 167 1498 midnight
183 1464 286 1491 March

28 1508 108 1525 20-21
126 1505 155 1525 to
168 1499 244 1532 June
254 1509 294 1531 23.

29 1591 90 1618 'she
103 1592 202 1619 essects
215 1592 247 1618 of

30 1624 134 1659 spring
148 1636 183 1653 on
197 1627 235 1652 all

28 1661 150 1689 Nature.

1027 73 1080 124 76

307 187 419 229 sicut
459 187 607 241 ignem
651 200 883 228 accensum
922 196 965 228 et
1000 188 1125 241 quasi
1158 188 1252 242 jam
1289 187 1344 228 ad
1381 187 1504 229 cibos
1539 187 1797 241 coquendos

309 264 531 312 paratum.
597 257 657 298 Et
695 270 795 298 cum
831 257 998 311 ceperis
1030 257 1191 299 habere
1224 257 1490 298 desiderium
1523 255 1798 307 comedendi,

310 328 448 369 debes
481 327 633 368 statim
668 327 914 368 comedere.
979 327 1076 369 Nisi
1101 328 1218 369 enim
1253 328 1341 369 cito
1368 326 1624 379 comederis,
1641 326 1798 368 statim

311 398 569 439 stomachus
594 395 837 451 replebitur
859 397 1062 450 pessimis
1085 396 1345 439 humoribus
1362 410 1475 451 quos
1496 395 1720 449 contrahit
1741 395 1798 438 ad

311 481 357 509 se
399 468 455 508 de
490 466 869 521 superfluitatibus
908 468 1103 522 corporis
1145 481 1230 522 que
1269 466 1536 510 conturbant
1571 467 1798 508 cerebrum
1819 486 1837 518 5

310 552 476 593 vapore
508 537 714 592 pessimo,
737 544 782 579 et
815 551 916 579 cum
946 545 1105 592 postea
1132 537 1305 580 affuerit
1328 537 1451 579 cibus
1480 535 1529 578 fit
1550 537 1728 590 tepidus
1755 542 1801 577 et

310 621 398 649 non
422 606 599 663 proficit
621 607 808 661 corpori,
832 608 1137 663 immo-nocet.

1890 346 1893 354 .
1875 267 1892 332 >ms
1865 0 1893 244 una—m

1879 445 1893 498 „3
1880 380 1887 389 ,

1885 586 1891 607 --
1880 534 1889 576 aa*

375 715 630 771 Capitulum
665 729 745 758 .10.
779 717 831 758 de
867 724 1057 771 quatuor
1093 716 1365 773 temporibus,
1396 716 1568 766 scilicet,
1601 714 1653 756 de
1691 727 1802 766 vere,

311 794 457 837 estate,
480 794 732 842 autumpno,
750 794 792 829 et
807 787 967 842 lzyeme.
1020 788 1076 829 ln
1098 802 1180 841 quo
1201 787 1397 829 videlicet
1417 786 1499 828 dat
1516 785 1802 828 intencionem

311 872 438 900 suam
461 858 508 899 z‘n
531 857 777 899 universali
793 857 846 898 de
869 872 920 907 .4.
944 857 1204 911 temporibus
1224 859 1336 900 anni
1345 865 1430 912 pro
1450 855 1661 911 regimine
1683 855 1802 897 sanz·-

313 929 420 971 tatz's
436 943 450 969 .·
479 935 523 969 et
532 928 681 983 primo
701 928 754 969 de
777 942 887 970 vere.

1824 869 1864 893 δ’

1884 1018 1890 1030 -
1878 858 1893 997 *TK‘Naev
1877 720 1893 837 §.12‘62-
1883 691 1894 707 ιι
1880 622 1891 678 ⁴1—

442 1016 480 1056 E
516 1017 765 1057 intencione
796 1014 945 1057 nostra
970 1017 1011 1058 in
1043 1017 1126 1058 hoc
1159 1017 1258 1058 loco
1291 1016 1481 1057 breviter
1513 1013 1803 1056 determinare

441 1094 504 1128 est
527 1087 582 1128 de
605 1091 796 1140 quatuor
823 1087 1103 1140 temporibus
1131 1088 1246 1137 anni,
1271 1088 1326 1128 de
1352 1086 1568 1141 qualitate
1598 1090 1642 1126 et
1664 1096 1802 1138 quan-

313 1157 444 1202 titate
466 1164 510 1198 et
534 1157 809 1211 proprietate
833 1157 1179 1211 uniuscujusque
1212 1157 1426 1212 temporis
1458 1156 1548 1197 sive
1577 1154 1731 1210 partis,
1759 1160 1804 1196 et

314 1228 370 1268 de
392 1227 607 1269 varietate
629 1227 889 1269 eorundem.
946 1227 1099 1270 Debes
1120 1241 1310 1282 quoque,
1326 1226 1600 1275 Alexander,
1617 1223 1805 1266 sollicite
1827 1238 1880 1272 152

315 1297 537 1339 custodire
559 1304 751 1351 quatuor
772 1298 872 1339 anni
895 1305 1100 1353 tempora
1131 1299 1134 1352 ξ
1162 1312 1247 1353 que
1270 1299 1331 1339 sic
1354 1298 1665 1352 distinguntur.
1873 1292 1889 1310 ²

375 1366 467 1408 Ver
498 1374 604 1410 tunc
635 1367 790 1422 incipit
822 1370 1003 1422 quando
1037 1368 1115 1411 Sol
1151 1369 1395 1423 ingreditur
1422 1369 1594 1422 signum
1623 1364 1805 1415 Arietis,

315 1443 420 1478 tunc
444 1444 511 1479 est
533 1437 710 1479 inicium
733 1438 863 1489 veris,
885 1446 929 1480 et
959 1439 1088 1480 durat
1119 1453 1197 1493 per
1225 1439 1467 1493 nonaginta
1499 1437 1616 1479 tresl
1639 1436 1733 1478 dies
1761 1440 1806 1476 et

317 1518 397 1561 .23.
415 1508 547 1550 horas
570 1515 614 1548 et
635 1514 841 1561 quartam
865 1516 1034 1564 partem
1053 1510 1182 1550 unius
1203 1508 1342 1559 hore,2
1365 1509 1449 1550 hoc
1471 1514 1538 1550 est
1560 1521 1586 1549 a
1608 1511 1709 1549 ‚10⁸.
1733 1504 1805 1546 die

316 1584 509 1619 exeunte
533 1577 703 1619 Marcio
727 1591 866 1632 usque
888 1580 944 1620 ad
967 1591 1051 1634 .23.
1075 1580 1192 1621 diem
1215 1578 1367 1632 Junii.²²
1422 1579 1473 1620 In
1495 1578 1580 1620 hoc
1602 1584 1806 1631 tempore
1827 1590 1869 1614 20

318 1649 412 1689 dies
456 1655 524 1689 et-
545 1656 700 1690 noctes
743 1650 1022 1703 adequamur
1066 1650 1108 1691 in
1153 1650 1239 1691 suis
1286 1649 1549 1704 regionibuS‚
1593 1646 1806 1690 dulcescit

317 1727 507 1773 tempus,
532 1720 724 1761 mitescit
752 1735 837 1771 aer,
861 1719 1041 1762 sufflant
1070 1721 1201 1771 venti,
1225 1720 1524 1762 dissolvuntur
1555 1719 1687 1768 nives,
1711 1731 1805 1759 cur-

319 1797 420 1832 runt
447 1797 667 1832 torrentes
695 1791 807 1832 inter
830 1797 1015 1841 montes,
1037 1792 1328 1834 scaturrizant
1350 1791 1507 1841 fontes,
1531 1789 1806 1832 extolluntur

318 1859 610 1902 humiditates
647 1862 703 1903 ad
743 1863 1025 1903 summitates
1062 1862 1268 1903 arborum
1303 1869 1347 1903 et
1383 1861 1530 1915 capita
1568 1872 1805 1910 ramorum,

317 1931 488 1972 semina
505 1938 701 1986 surgunt,
718 1939 921 1973 crescunt
944 1939 1130 1986 segetes,
1145 1933 1286 1975 virent
1309 1938 1448 1988 prata,
1467 1930 1744 1986 pulcrescunt
1762 1935 1806 1972 et
1826 1943 1865 1976 25

316 2001 571 2043 colorantur
603 2001 743 2051 flores,
768 2003 1007 2057 induuntur,
1036 2004 1161 2045 novis
1191 2003 1304 2045 foliis
1336 2010 1387 2045 et
1410 2001 1586 2044 floribus
1618 2001 1805 2050 arbores,

318 2078 528 2113 ornantur
565 2079 679 2113 terre
713 2073 1003 2127 graminibus,
1039 2080 1307 2128 generantur
1341 2073 1559 2125 animalia,
1597 2077 1808 2128 parantur
1861 2115 1864 2118 ⁴

318 2155 494 2196 pascua,
516 2149 675 2184 cuncta
699 2150 926 2184 resumunt
949 2144 1078 2196 vires,
1099 2149 1278 2186 cantant
1301 2157 1417 2196 aveS,
1436 2137 1641 2186 resonant
1663 2142 1806 2197 philo-

320 2225 460 2263 mene,
485 2213 640 2267 recipit
664 2212 797 2254 tellus
821 2214 987 2268 integre
1019 2221 1164 2256 totum
1198 2221 1506 2256 ornamentum
1533 2220 1577 2256 et
1598 2212 1806 2268 pulcritu-

321 2282 469 2323 dinem
513 2296 653 2334 suam,
695 2290 739 2324 et
784 2282 832 2324 fit
885 2284 998 2325 sicut
1041 2298 1206 2338 sponsa
1259 2284 1568 2339 pulcherrima,
1608 2284 1806 2339 speciosa
1826 2300 1884 2339 3⁰!

1877 1190 1883 1200 ν
1879 1154 1887 1173 ,υ
1882 1135 1890 1139 .
1881 1047 1891 1111 4ο»,ν

372 2434 382 2454 l

372 2488 384 2507 ²
415 2447 555 2538 ‹ffiarta
576 2477 664 2539 pars
682 2490 778 2529 hore
795 2499 853 2529 est
867 2522 873 2528 .
887 2503 943 2541 15.
962 2491 1114 2529 minuta
1128 2490 1222 2541 quia
1239 2491 1335 2528 hora
1353 2490 1473 2529 habet
1490 2496 1621 2540 partes
1635 2490 1710 2528 .60.
1727 2501 1806 2539 que

319 2552 511 2582 vocantur
533 2544 686 2583 minuta
706 2546 929 2584 secundum
952 2545 1323 2584 consideracionem
1344 2543 1666 2584 astronomicam.

373 2597 385 2616 ³
415 2599 466 2636 de
487 2612 566 2648 qua
586 2599 651 2638 die
673 2609 776 2638 estas
798 2599 962 2639 habebit
983 2612 1059 2650 ,45.
1084 2600 1248 2638 minuta.

1874 2498 1892 2746 ,fisss-z'nuaz
1875 2455 1877 2458 ⁴

364 2745 384 2774 8
409 2745 563 2784 Chapter
580 2745 663 2776 xliii.
686 2744 725 2776 V.
1076 2746 1112 2775 18
1136 2744 1199 2787 94}
1220 2745 1315 2784 days.
1367 2744 1460 2776 Com.
1479 2743 1572 2784 Nat„
1590 2754 1622 2784 p.
1640 2753 1716 2783 420.
